@inproceedings{achlioptas-01,
  author = "Dimitris Achlioptas",
  title = "Database-Friendly Random Projections",
  booktitle = "Proceedings of the Twentieth {ACM SIGMOD-SIGACT-SIGART} Symposium on
                  Principles of Database Systems",
  pages = "274--281",
  year = 2001
}

@inproceedings{agrawal-98,
  author = "Rakesh Agrawal and Johannes Gehrke and Dimitrios Gunopulos and Prabhakar
                  Raghavan",
  title = "Automatic Subspace Clustering of High Dimensional Data for Data Mining
                  Applications",
  booktitle = "Proceedings of the 1998 {ACM SIGMOD} International Conference on Management
                  of Data",
  series = "{SIGMOD} 98",
  location = "Seattle, Washington, USA",
  pages = "94--105",
  year = 1998,
  publisher = "{ACM}",
  address = "New York, NY, USA",
  isbn = "0-89791-995-5",
  acmid = "276314",
  url = "http://doi.acm.org/10.1145/276304.276314",
  doi = "10.1145/276304.276314",
}

@inproceedings{aggarwal-99,
  author = "Charu C. Aggarwal and Joel L. Wolf and Philip S. Yu and Cecilia Procopiuc and
                  Park Soo Jong",
  title = "Fast Algorithms for Projected Clustering",
  booktitle = "Proceedings of the 1999 {ACM SIGMOD} International Conference on Management
                  of Data",
  location = "Philadelphia, Pennsylvania, USA",
  series = "SIGMOD 99",
  pages = "61--72",
  year = 1999,
  publisher = "ACM",
  address = "New York, NY, USA",
  acmid = "304188",
  isbn = "1-58113-084-8",
  url = "http://doi.acm.org/10.1145/304182.304188",
  doi = "10.1145/304182.304188",
}

@inproceedings{aggarwal-01,
  author = "Charu C. Aggarwal and Alexander Hinneburg and Daniel A. Keim",
  title = "On the Surprising Behavior of Distance Metrics in High Dimensional Space",
  booktitle = "Lecture Notes in Computer Science",
  pages = "420--434",
  publisher = "Springer",
  year = 2001
}

@inproceedings{aggarwal-03,
  author= "Charu C. Aggarwal and Jiawei Han and Jianyong Wang and Philip S. Yu",
  title = "A Framework for Clustering Evolving Data Streams",
  booktitle = "Proceedings of the 29th International Conference on Very Large Data Bases",
  volume = 29,
  pages = "81--92",
  year = 2003,
  isbn = "0-12-722442-4"
}

@inproceedings{aggarwal-04,
  author = "Charu C. Aggarwal and Jiawei Han and Jianyong Wang and Philip S. Yu",
  title = "A Framework for Projected Clustering of High Dimensional Data Streams",
  booktitle = "Proceedings of the 30th International Conference on Very Large Data Bases",
  series = "{VLDB} 04",
  year = 2004,
  isbn = "0-12-088469-0",
  location = "Toronto, Canada",
  pages = "852--863",
  publisher = "VLDB Endowment"
}

@inproceedings{aggarwal-06,
  author = "Charu C. Aggarwal",
  title = "On Biased Reservoir Sampling in the presence of Stream Evolution",
  booktitle = "Proceedings of the 32nd International Conference on Very Large Data Bases",
  series = "{VLDB} 06",
  pages = "607--618",
  year = 2006
}

@inproceedings{aggarwal-09,
  author = "Charu C. Aggarwal",
  title = "A Framework for Clustering Massive-Domain Data Streams",
  booktitle = "{IEEE} 25th International Conference on Data Engineering",
  series = "{ICDE} 09",
  pages = "102--113",
  year = 2009
}

@article{agrell-02,
  author = "E. Agrell and T. Eriksson and A. Vardy and K. Zeger",
  title = "Closest Point Search in Lattices",
  journal = "{IEEE} Transactions on Information Theory",
  volume = 48,
  number = 8,
  pages = "2201--2214",
  month = aug,
  year = 2002,
  Issn = "0018-9448",
  Doi = "10.1109/TIT.2002.800499",
}

@inproceedings{ailon-06,
  author = "Nir Ailon and Bernard Chazelle",
  title = "Approximate Nearest Neighbors and the Fast Johnson-Lindenstrauss Transform",
  booktitle = "Proceedings of the Thirty-Eighth Annual {ACM} Symposium on Theory of Computing",
  pages = "557--563",
  year = 2006
}

@article{ailon-09a,
  author = "Nir Ailon and Edo Liberty",
  title = "Fast Dimension Reduction using Rademacher Series on Dual {BCH} Codes",
  journal = "Discrete \& Computational Geometry",
  volume = 42,
  number = 4,
  pages = "615--630",
  year = 2009,
  publisher = "Springer",
}

@incollection{ailon-09b,
  author = "Nir Ailon and Ragesh Jaiswal and Claire Monteleoni",
  title = "Streaming K-Means Approximation",
  booktitle = "Advances in Neural Information Processing Systems 22",
  editor = "Y. Bengio and D. Schuurmans and J. D. Lafferty and C. K. I. Williams and
                  A. Culotta",
  pages = "10--18",
  year = 2009,
  publisher = "Curran Associates, Inc.",
  url = "http://papers.nips.cc/paper/3812-streaming-k-means-approximation.pdf",
}

@article{ailon-13,
  author = "Nir Ailon and Edo Liberty",
  title = "An Almost Optimal Unrestricted Fast Johnson-Lindenstrauss Transform",
  journal = "{ACM} Transactions on Algorithms",
  volume = 9,
  number = 3,
  pages = "21--1",
  month = jun,
  year = 2013,
  publisher = {ACM},
  address = "New York, NY",
  acmid = 2483701,
  issn = "1549-6325",
  url = "http://doi.acm.org/10.1145/2483699.2483701",
  doi = "10.1145/2483699.2483701",
}

@article{allili-16,
  author = "Madjid Allili and Tomasz Kaczynski and Claudia Landi and Filippo Masoni",
  title = "A New Matching Algorithm for Multidimensional Persistence",
  journal = "arXiv preprint arXiv:1511.05427",
  year = 2016
}

@article{allili-17,
  author = "Madjid Allili and Tomasz Kaczynski and Claudia Landi",
  title = "Reducing complexes in multidimensional persistent homology theory",
  journal = "Journal of Symbolic Computation",
  volume = 78,
  pages = "61--75",
  year = 2017,
  note = "Algorithms and Software for Computational Topology",
  issn = "0747-7171",
  doi = "http://dx.doi.org/10.1016/j.jsc.2015.11.020"
}

@inproceedings{al-razgan-06,
  author = "Muna Al-Razgan and Carlotta Domeniconi",
  title = "Weighted Clustering Ensembles",
  BookTitle = "Proceedings of the {SIAM} International Conference on Data Mining",
  pages = "258--269",
  year = 2006
}

@inproceedings{alon-96,
  author = "Noga Alon and Yossi Matias and Mario Szegedy",
  title = "The space complexity of approximating the frequency moments",
  booktitle = "Proceedings of the Twenty--Eighth Annual {ACM} Symposium on Theory of Computing",
  pages = "20--29",
  year = 1996
}

@inproceedings{amdahl-67,
  author = "Gene M. Amdahl",
  title = "Validity of the Single Processor Approach to Achieving Large Scale Computing
                  Capabilities",
  booktitle = "Proceedings of the April 18-20, 1967, Spring Joint Computer Conference",
  series = "AFIPS 67 (Spring)",
  location = "Atlantic City, New Jersey",
  pages = "483--485",
  address = "New York, NY, USA",
  publisher = "ACM",
  year = "1967",
  acmid = "1465560",
  url = "http://doi.acm.org/10.1145/1465482.1465560",
  doi = "10.1145/1465482.1465560",
}

@article{amrani-94,
  author = "O. Amrani and Y. Be{'}ery and A. Vardy and Feng-Wen Sun and H. C. A. {van Tilborg}",
  title = "The Leech lattice and the Golay code: Bounded-Distance Decoding and Multilevel
                  Constructions",
  journal = "{IEEE} Transactions on Information Theory",
  volume = 40,
  number = 4,
  pages = "1030--1043",
  month = jul,
  year = 1994,
  issn = "0018-9448",
  doi = "10.1109/18.335970"
}

@article{amrani-96,
  author = "O. Amrani and Y. Be{'}ery",
  title = "Efficient Bounded-Distance Decoding of the Hexacode and Associated Decoders for
                  the Leech Lattice and the Golay Code",
  journal = "{IEEE} Transcations on Communications",
  volume = 44,
  number = 5,
  pages = "534--537",
  month = may,
  year = 1996,
  issn = "0090-6778",
  doi = "10.1109/26.494294"
}

@book{anderberg-73,
  author = "Michael R. Anderberg",
  title = "Cluster Analysis for Applications",
  publisher = "Academic Press",
  year = 1973
}

@article{anders-10,
  author = "Simon Anders and Wolfgang Huber",
  title = "Differential Expression Analysis for Sequence Count Data",
  journal = "Genome Biology",
  volume = 11,
  number = 10,
  year = 2010
}

@inproceedings{andoni-06,
  author = "Alexandr Andoni and Piotr Indyk",
  title = "Near-Optimal Hashing Algorithms for Approximate Nearest Neighbor in High
                  Dimensions",
  booktitle = "47th Annual {IEEE} Symposium on Foundations of Computer Science ({FOCS
                  06})",
  pages = "459--468",
  month = oct,
  year = 2006,
  issn = "0272-5428",
  doi = "10.1109/FOCS.2006.49",
}

@article{andoni-08,
  author = "Alexandr Andoni and Piotr Indyk",
  title = "Near-Optimal Hashing Algorithms for Approximate Nearest Neighbor in High
                  Dimensions",
  journal = "Communications of the {ACM}",
  volume = 51,
  number = 1,
  pages = "117--122",
  month = jan,
  year = 2008,
  publisher = "ACM",
  address = "New York, NY, USA",
  acmid = "1327494",
  issn = "0001-0782",
  url = "http://doi.acm.org/10.1145/1327452.1327494",
  doi = "http://doi.acm.org/10.1145/1327452.1327494",
}

@phdthesis{andoni-09,
  author = "Alexandr Andoni",
  title = "Nearest Neighbor Search: the Old, the New, and the Impossible",
  school = "Massachusetts Institute of Technology",
  month = sep,
  year = 2009
}

@misc{anguita-13 ,
  author = "Davide Anguita and Alessandro Ghio and Luca Oneto and Xavier Parra and Jorge L",
  title = "A Public Domain Dataset for Human Activity Recognition Using Smartphones",
  booktitle = "21th European Symposium on Artificial Neural Networks, Computational Intelligence and Machine Learning, {ESANN}",
  month = apr,
  year = 2013,
  address = "Bruges, Belgium",
  url = "http://archive.ics.uci.edu/ml/datasets/Human+Activity+Recognition+Using+Smartphones",
}

@incollection{arias-13,
  author = "Marta Arias and Alicia Troncoso and Jos\'e C. Riquelme",
  title = "A Kernel for Time Series Classification: Application to Atmospheric Pollutants",
  booktitle = "Soft Computing Models in Industrial and Environmental Applications",
  chapter = "Advances in Intelligent Systems and Computing",
  editor = "V\'aclav Sn\'a{\v{s}}el and Ajith Abraham and Emilio S. Corchado",
  Publisher = "Springer Berlin Heidelberg",
  volume = 188,
  pages = "417--426",
  year = 2013,
  Isbn = "978-3-642-32921-0",
  Url = "http://dx.doi.org/10.1007/978-3-642-32922-7_43",
  Doi = "10.1007/978-3-642-32922-7_43",
}

@book{arora-09,
  author = "Sanjeev Arora and Boaz Barak",
  title = "Computational Complexity: A Modern Approach",
  publisher = "Cambridge University Press",
  year = 2009
}

@inproceedings{arthur-07,
  author = "David Arthur and Sergei Vassilvitskii",
  title = "k-means++: The Advantages of Careful Seeding",
  booktitle = "Proceedings of the Eighteenth Annual ACM-SIAM Symposium on Discrete Algorithms",
  series = "SODA '07",
  year = 2007,
  isbn = "978-0-898716-24-5",
  address = "New Orleans, Louisiana",
  pages = "1027--1035",
  publisher = "Society for Industrial and Applied Mathematics"
}

@inproceedings{arya-00,
  author = "Sunil Arya and Ho-Yam Addy Fu",
  title = "Expected-Case Complexity of Approximate Nearest Neighbor Searching",
  booktitle = "Proceedings of the Eleventh Annual {ACM-SIAM} Symposium on Discrete
                  Algorithms",
  series = "SODA 00",
  location = "San Francisco, California, United States",
  pages = "379--388",
  year = 2000,
  publisher = "Society for Industrial and Applied Mathematics",
  address = "Philadelphia, PA, USA",
  acmid = "338583",
  isbn = "0-89871-453-2",
  url = "http://dl.acm.org/citation.cfm?id=338219.338583",
}

@article{avogadri-09,
  author = "Roberto Avogadri and Giorgio, Valentini",
  title = "Fuzzy Ensemble Clustering Based on Random Projections for {DNA} Microarray Data
                  Analysis",
  journal = "Artificial Intelligence in Medicine",
  volume = 45,
  number = 2,
  pages = "173--183",
  year = 2009,
  Publisher = "Elsevier"
}

@inproceedings{azzouzi-98,
  author = "M. Azzouzi and I. T. Nabney",
  title = "Analysing Time Series Structure with Hidden Markov Models",
  booktitle = "Neural Networks for Signal Processing {VIII}, 1998. Proceedings of the 1998
                  {IEEE} Signal Processing Society Workshop",
  pages = "402--408",
  month = aug,
  year = 1998,
  issn = "1089-3555",
  doi = "10.1109/NNSP.1998.710670",
}

@inproceedings{bartal-11,
  author = "Yair Bartal and Ben Recht and Leonard J. Schulman",
  title = "Dimensionality Reduction: Beyond the Johnson--Lindenstrauss Bound",
  booktitle = "Proceedings of the Twenty-Second Annual {ACM-SIAM} Symposium on Discrete
                  Algorithms",
  pages = "868--887",
  year = 2011
}

@techreport{bell-08,
  author = "Nathan Bell and Michael Garland",
  title = "Efficient Sparse Matrix-Vector Multiplication on {CUDA}",
  Publisher = "NVIDIA Corporation",
  number = "NVR-2008-004",
  month = dec,
  year = 2008
}

@article{bendich-10,
  author = "Paul Bendich and Herbert Edelsbrunner and Michael Kerber",
  title = "Computing Robustness and Persistence for Images",
  journal = "IEEE Transactions on Visualization and Computer Graphics",
  year = 2010,
  month = nov,
  volume = 16, 
  number = 6, 
  pages = "1251--1260",
  doi = "10.1109/TVCG.2010.139",
  issn = "1077-2626"
}

@article{bentley-75,
  author = "Jon Louis Bentley",
  title = "Multidimensional Binary Search Trees Used for Associative Searching",
  journal = "Communications of the ACM",
  volume = 18,
  number = 9,
  month = sep,
  year = 1975,
  issn = "0001-0782",
  pages = "509--517",
  url = "http://doi.acm.org/10.1145/361002.361007",
  doi = "10.1145/361002.361007",
  publisher = "ACM",
  address = "New York, NY, USA"
}

@book{berg-00,
  author = "Mark {de Berg} and Otfried Cheong and Marc {van Kreveld} and Mark Overmars",
  title = "Computational Geometry: Algorithms and Applications",
  year = 2000,
  publisher = "Springer",
  address = "Berlin",
  isbn = "3-540-65620-0",
  url = "http://opac.inria.fr/record=b1096186",
}

@inproceedings{beyer-99,
  author = "Kevin Beyer and Jonathan Goldstein and Raghu Ramakrishnan and Uri Shaft",
  title = {When Is "Nearest Neighbor" Meaningful?},
  pages = "217--235",
  year = 1999
}

@article{bezdek-84,
  author = "James C. Bezdek and Robert Ehrlich and William Full",
  title = "{FCM}: The Fuzzy c-means Clustering Algorithm",
  journal = "Computers \& Geosciences",
  volume = 10,
  number = "2--3",
  pages = "191--203",
  year = 1984,
  issn = "0098-3004",
  url = "http://www.sciencedirect.com/science/article/pii/0098300484900207",
  doi = "http://dx.doi.org/10.1016/0098-3004(84)90020-7",
}

@inproceedings{bifet-07,
  author = "Albert Bifet and Ricard Gavaldà",
  title = "Learning from Time-Changing Data with Adaptive Windowing",
  booktitle = "{SIAM} International Conference on Data Mining",
  year = 2007,
  ISBN = "978-0-89871-630-6",
  doi = "10.1137/1.9781611972771.42"
}

@inproceedings{bingham-01,
  author = "Ella Bingham and Heikki Mannila",
  title = "Random Projection in Dimensionality Reduction: Applications to Image and Text
                  Data",
  booktitle = "Knowledge Discovery and Data Mining",
  publisher = "{ACM} Press",
  pages = "245--250",
  year = 2001
}

@article{bourgain-85,
  author = "Jean Bourgain",
  title = "On Lipschitz Embedding of Finite Metric Spaces in Hilbert Space",
  journal = "Israel Journal of Mathematics",
  publisher = "Springer",
  volume = 52,
  number = "1--2",
  pages = "46--52",
  year = 1985
}

@incollection{boutsidis-10,
  author = "Christos Boutsidis and Anastasios Zouzias and Petros Drineas",
  title = "Random Projections for k-means Clustering",
  booktitle = "Advances in Neural Information Processing Systems 23",
  editor = "J. D. Lafferty and C. K. I. Williams and J. Shawe-Taylor and R. S. Zemel and
                  A. Culotta",
  pages = "298--306",
  year = 2010,
  publisher = "Curran Associates, Inc.",
  url = "http://papers.nips.cc/paper/3901-random-projections-for-k-means-clustering.pdf"
}

@article{bradley-97,
  author = "Paul S. Bradley and Olvi L. Mangasarian and W.  Nick Street",
  title = "Clustering via Concave Minimization",
  journal = "Advances in Neural Information Processing Systems",
  publisher = "Morgan Kaufmann Publishers",
  pages = "368--374",
  year = 1997
}

@inproceedings{braverman-11,
  author = "Vladimir Braverman and Adam Meyerson and Rafail Ostrovsky and Alan Roytman and Michael Shindler and Brian
                  Tagiku",
  title = "Streaming K-Means on Well-Clusterable Data",
  booktitle = "Proceedings of the Twenty-Second Annual {ACM-SIAM} Symposium on Discrete Algorithms",
  series = "{SODA} 11",
  location = "San Francisco, California",
  pages = "26--40",
  year = 2011,
  url = "http://dl.acm.org/citation.cfm?id=2133036.2133039",
}

@article{bubenik-15,
  author = "Peter Bubenik",
  title = "Statistical Topological Data Analysis Using Persistence Landscapes",
  journal = "The Journal of Machine Learning Research",
  volume = 16,
  number = 1,
  month = jan,
  year = 2015,
  pages = "77--102",
  publisher = "JMLR.org"
} 


@inproceedings{burton-13,
  author = "Benjamin A. Burton and Thomas Lewiner and Jo\~{a}o Paix\~{a}o and Jonathan Spreer",
  title = "Parameterized Complexity of Discrete Morse Theory",
  booktitle = "Proceedings of the Twenty-ninth Annual Symposium on Computational Geometry",
  series = "SoCG '13",
  year = 2013,
  isbn = "978-1-4503-2031-3",
  location = "Rio de Janeiro, Brazil",
  pages = "127--136",
  numpages = 10,
  doi = "10.1145/2462356.2462391",
  publisher = "ACM",
  address = "New York, NY, USA"
}

@article{cafaro-11,
  author = "Massimo Cafaro and Piergiulio Tempesta",
  title = "Finding Frequent Items in Parallel",
  journal = "Concurrency and Computation: Practice \& Experience",
  volume = 23,
  number = 15,
  pages = "1774--1788",
  month = oct,
  year = 2011,
  publisher = "John Wiley and Sons Ltd.",
  address = "Chichester, UK",
  acmid = "2048035",
  issn = "1532-0626",
  url = "http://dx.doi.org/10.1002/cpe.1761",
  doi = "10.1002/cpe.1761",
}

@article{calderbank-98,
  author = " A. R. Calderbank",
  title = "The Art of Signaling: Fifty Years of Coding Theory",
  journal = "{IEEE} Transactions on Information Theory",
  volume = 44,
  number = 6,
  pages = "2561--2595",
  month = oct,
  year = 1998,
  issn = "0018-9448",
  doi = "10.1109/18.720549",
}

@inproceedings{cao-06,
  author = "Feng Cao and Martin Ester and Weining Qian and Aoying Zhou",
  title = "Density-Based Clustering over an Evolving Data Stream with Noise",
  booktitle = "{SIAM} Conference on Data Mining",
  pages = "328--339",
  year = 2006
}

@article{carlsson-08,
  author = "Gunnar Carlsson and Tigran Ishkhanov and Vin de Silva and Afra Zomorodian",
  title = "On the Local Behavior of Spaces of Natural Images",
  journal = "International Journal of Computer Vision",
  volume = 76,
  number = 1,
  month = jan,
  year = 2008,
  pages = "1--12"
}

@article{carlsson-09,
  author = "Gunnar Carlsson",
  title = "Topology and Data",
  journal = "Bulletin of the American Mathematical Society",
  volume = 46,
  number = 3,
  month = apr,
  year = 2009,
  pages = "255--308"
}

@inproceedings{carraher-12,
  author = "Lee Carraher and Philip A. Wilsey and Fred Annexstein",
  title = "A {GPGPU} Algorithm for c-Approximate r-Nearest Neighbor Search in High
                  Dimensions",
  booktitle = "International Workshop on High Performance Data Intensive Computing",
  series = "{HPDIC} 2013",
  month = may,
  year = 2012,
  url = "http://homepages.uc.edu/~carrahle/ipdps.pdf",
}

@mastersthesis{carraher-12-thesis,
  author = "Lee Carraher",
  title = "A Parallel Algorithm for Query Adaptive, Locality Sensitive Hash Search",
  year = 2012,
  school = "University of Cincinnati",
  url = "http://homepages.uc.edu/~carrahle/thesis.pdf",
}

@inproceedings{carraher-13,
  author = "Lee A. Carraher and Philip A. Wilsey and Fred S. Annexstein",
  title = "A GPGPU Algorithm for c-Approximate r-Nearest Neighbor Search in High Dimensions",
  booktitle = "{IEEE} 27th International Parallel and Distributed Processing Symposium Workshops {PhD} Forum",
  series = "{IPDPSW} 13",
  pages = "2079--2088",
  month = may,
  year = 2013,
  doi = "10.1109/IPDPSW.2013.239",
}

@inproceedings{carraher-15,
  author = "Lee A. Carraher and Philip A. Wilsey and Anindya Moitra and Sayantan Dey",
  title = "Multi-Probe Random Projection Clustering To Secure Very Large Distributed Datasets",
  booktitle = "2015 {IEEE} International Conference on Big Data",
  month = oct,
  year = 2015,
  pages = "1891--1900",
  doi = "10.1109/BigData.2015.7363964",
  location = "Santa Clara, CA, USA",
  organization = "{IEEE}"
}

@inproceedings{carraher-16,
  author = "Lee A. Carraher and Philip A. Wilsey and Anindya Moitra and Sayantan Dey",
  title = "Random Projection Clustering on Streaming Data (Paper accepted)",
  booktitle = "2016 {IEEE} International Conference on Data Mining (ICDM) Workshops",
  month = dec,
  year = 2016,
  location = "Barcelona, Spain",
  organization = "{IEEE}"
}

@article{carreira-07,
  author = "M. A. Carreira-Perpinan",
  title = "Gaussian Mean--Shift is an {EM} Algorithm",
  journal = "{IEEE} Transactions on Pattern Analysis and Machine Intelligence",
  volume = 29,
  number = 5,
  pages = "767--776",
  month = may,
  year = 2007,
  issn = "0162-8828",
  doi = "10.1109/TPAMI.2007.1057",
}

@article{chan-13,
  author = "Joseph Minhow Chan and Gunnar Carlsson and Raul Rabadan",
  title = "Topology of viral evolution",
  journal = "Proceedings of the National Academy of Sciences",
  volume = 110,
  number = 46,
  pages = "18566--18571",
  year = 2013,
  publisher = "National Academy of Sciences",
  doi = "10.1073/pnas.1313480110",
  issn = "0027-8424",
  url = "https://www.pnas.org/content/110/46/18566"
}

@article{chazal-12,
  author = "Fr{\'e}d{\'e}ric Chazal and Vin de Silva and Marc Glisse and Steve Oudot",
  title = "The Structure and Stability of Persistence Modules",
  journal = "arXiv preprint arXiv:1207.3674",
  year = 2012
}

@article{chazal-13,
  author = "Fr{\'e}d{\'e}ric Chazal and Leonidas J. Guibas and Steve Y. Oudot and Primoz Skraba",
  title = "Persistence-Based Clustering in Riemannian Manifolds",
  journal = "Journal of the ACM",
  volume = 60,
  number = 6,
  month = nov,
  year = 2013,
  issn = "0004-5411",
  pages = "41:1--41:38",
  articleno = 41,
  doi = "10.1145/2535927",
  publisher = "ACM",
  address = "New York, NY, USA"
}
                  
@inproceedings{chazal-15,
  author = {Chazal, Fr{\'e}d{\'e}ric and Fasy, Brittany Terese and Lecci, Fabrizio and Michel, Bertrand and Rinaldo, Alessandro and Wasserman, Larry},
  title = {Subsampling Methods for Persistent Homology},
  booktitle = {International Conference on Machine Learning (ICML 2015)},
  url = {https://hal.archives-ouvertes.fr/hal-01073073},
  address = {Lille, France},
  month = Jul,
  year = 2015
}

@article{chazal-17,
  author = "Fr{\'e}d{\'e}ric Chazal and Bertrand Michel",
  title = "An introduction to Topological Data Analysis: fundamental and practical aspects for data scientists",
  journal = {ArXiv e-prints},
  archivePrefix = "arXiv",
  eprint = {1710.04019},
  month = oct,
  year = 2017
}

@inproceedings{chen-07,
  author = "Yixin Chen and Li Tu",
  title = "Density-Based Clustering for Real-Time Stream Data",
  booktitle = "Proceedings of the 13th {ACM SIGKDD} International Conference on Knowledge
                  Discovery and Data Mining",
  series = "{KDD} '07",
  location = "San Jose, California",
  pages = "133--142",
  year = 2007,
  isbn = "978-1-59593-609-7",
  publisher = "{ACM}",
  address = "New York, NY, USA",
  acmid = "1281210",
  url = "http://doi.acm.org/10.1145/1281192.1281210",
  doi = "10.1145/1281192.1281210",
}

@misc{chen-14,
  author = "Qun Chen and Song Bai and Zhanhuai Li and Zhiying Gou and Bo Suo and Wei Pan",
  title = "{GraphHP}: A Hybrid Platform for Iterative Graph Processing",
  month = jul,
  year = 2014,
  url = "http://textlab.io/doc/618628/graphhp--a-hybrid-platform-for-iterative-graph-processing"
}

@article{chodera-06,
  author = "John D. Chodera and William C. Swope and Jed W. Pitera and Ken A. Dill",
  title = "Long-Time Protein Folding Dynamics from Short-Time Molecular Dynamics Simulations",
  journal = "Multiscale Modeling \& Simulation",
  year = 2006,
  volume = 5,
  pages = "1214--1226"
}

@misc{chowdhury-10,
  author = "Mosharaf Chowdhury and Matei Zaharia and Ion Stoica",
  title = "Performance and Scalability of Broadcast in Spark",
  year = 2010,
  url = "http://www.cs.berkeley.edu/~agearh/cs267.sp10/files/mosharaf-spark-bc-report-spring10.pdf"
}

@inproceedings{ciarelli-09,
  author = "P. M. Ciarelli and E. Oliveira",
  title = "Agglomeration and Elimination of Terms for Dimensionality Reduction",
  booktitle = "Ninth International Conference on Intelligent Systems Design and
                  Applications",
  series = "{ISDA} 09",
  month = nov,
  pages = "547--552",
  year = 2009,
  doi = "10.1109/ISDA.2009.9",
}

@misc{ciarelli-xx ,
  author = "Patrick Marques Ciarelli and Elias Oliveira",
  title = "{UCI} Machine Learning Repository",
  url = "http://archive.ics.uci.edu/ml/datasets/CNAE-9",
  institution = "University of California, Irvine, School of Information and Computer Sciences"
}


@article{cohn-09,
  author = "Henry Cohn and Abhinav Kumar",
  title = "Optimality and Uniqueness of the Leech Lattice Among Lattices",
  journal = "Annals of Mathematics",
  volume = 170,
  number = 3,
  pages = "1003--1050",
  year = 2009
}

@article{comaniciu-02,
  author = " D. Comaniciu and P. Meer",
  title = "Mean Shift: A Robust Approach Toward Feature Space Analysis",
  journal = "{IEEE} Transactions on Pattern Analysis and Machine Intelligence",
  volume = 24,
  number = 5,
  pages = "603--619",
  month = may,
  year = 2002,
  issn = "0162-8828",
  doi = "10.1109/34.1000236",
}

@book{conway-98,
  author = "John Conway and Neil Sloane",
  title = "Sphere Packings Lattices and Groups",
  edition = "Third",
  year = 1998,
  Publisher = "Springer",
  Address = "New York",
}

@article{coppersmith-90,
  author = "Don Coppersmith and Shmuel Winograd",
  title = "Matrix Multiplication via Arithmetic Progressions",
  journal = "Journal of Symbolic Computation",
  volume = 9,
  number = 3,
  pages = "251--280",
  year = 1990,
  note = "Computational algebraic complexity editorial",
  issn = "0747-7171",
  doi = "https://doi.org/10.1016/S0747-7171(08)80013-2",
  url = "http://www.sciencedirect.com/science/article/pii/S0747717108800132"
}

@article{cormode-05,
  author = "Graham Cormode and S. Muthukrishnan",
  title = "An Improved Data Stream Summary: The Count-Min Sketch and Its Applications",
  journal = "Journal of Algorithms",
  volume = 55,
  number = 1,
  pages = "58--75",
  year = 2005,
  Publisher = "Elsevier"
}

@article{cormode-10,
  author = "Graham Cormode and Marios Hadjieleftheriou",
  title = "Methods for Finding Frequent Items in Data Streams",
  journal = "The {VLDB} Journal",
  volume = 19,
  number = 1,
  pages = "3--20",
  year = 2010,
  publisher = "Springer-Verlag",
  issn = "1066-8888",
  url = "http://dx.doi.org/10.1007/s00778-009-0172-z",
  doi = "10.1007/s00778-009-0172-z",
}

@inproceedings{cownie-07,
  author = "James Cownie",
  title = "Multicore: The Software View",
  booktitle = "12th EMEA Academic Forum",
  month = jun,
  year = 2007
}

@misc{cuda-10,
  author = "{NVIDIA Corporation}",
  title = "{NVIDIA CUDA C} Programming Guide",
  biburl = "http://www.bibsonomy.org/bibtex/2e90a6474d85eac083c921cf5be29f6ef/toevanen",
  added--at = "2011-05-06T13:22:35.000+0200",
  interhash = "b29ebbf94430d6d1720b5562b86f6a32",
  intrahash = "e90a6474d85eac083c921cf5be29f6ef",
  note = "Version 3.2",
  timestamp = "2011-05-06T13:22:35.000+0200",
  year = 2010
}

@article{curtis-76,
  author = "R. T. Curtis",
  title = "A New Combinatorial Approach to {M24}",
  journal = "Mathematical Proceedings of the Cambridge Philosophical Society",
  volume = 79,
  number = 01,
  pages = "25--42",
  year = 1976,
  eprint = "http://journals.cambridge.org/article\_S0305004100052075",
  url = "http://dx.doi.org/10.1017/S0305004100052075",
  doi = "10.1017/S0305004100052075",
}

@inproceedings{dasgupta-00,
  author = "Sanjoy Dasgupta",
  title = "Experiments with Random Projection",
  booktitle = "Proceedings of the Sixteenth Conference on Uncertainty in Artificial
                  Intelligence",
  Location = "Stanford, California",
  Series = "UAI 00",
  pages = "143--151",
  year = 2000,
  publisher = "Morgan Kaufmann Publishers Inc.",
  address = "San Francisco, CA, USA",
  acmid = "2073964",
  isbn = "1-55860-709-9",
  url = "http://dl.acm.org/citation.cfm?id=2073946.2073964",
}

@article{dasgupta-03,
  author = "Sanjoy Dasgupta and Anupam Gupta",
  title = "An Elementary Proof of a Theorem of Johnson and Lindenstrauss",
  journal = "Random Structures \& Algorithms",
  volume = 22,
  number = 1,
  issn = {1042-9832},
  pages = "60--65",
  publisher = "John Wiley \& Sons, Inc.",
  address = "New York, {NY}, {USA}",
  month = jan,
  year = 2003
}

@book{dasgupta-08,
  author = "Sanjoy Dasgupta",
  title = "The Hardness of k-means Clustering",
  year = 2008,
  Publisher = "Department of Computer Science and Engineering, University of California,
                  San Diego",
}

@inproceedings{dasgupta-10,
  author = "Anirban Dasgupta and Ravi Kumar and Tam\'as Sarlos",
  title = "A Sparse Johnson: Lindenstrauss Transform",
  booktitle = "Proceedings of the Forty-Second {ACM} Symposium on Theory of Computing",
  location = "Cambridge, Massachusetts, USA",
  series = "{STOC} 10",
  pages = "341--350",
  year = 2010,
  publisher = "{ACM}",
  address = "New York, {NY}",
  acmid = "1806737",
  isbn = "978-1-4503-0050-6",
  url = "http://doi.acm.org/10.1145/1806689.1806737",
  doi = "10.1145/1806689.1806737",
}

@article{dasha-07,
  author = "P. K. Dash and Maya Nayak and M. R. Senapati and I. W. C. Lee",
  title = "Mining for Similarities in Time Series Data using Wavelet-Based Feature Vectors
                  and Neural Networks",
  journal = "Engineering Applications of Artificial Intelligence",
  volume = 20,
  number = 2,
  pages = "185--201",
  year = 2007,
  issn = "0952-1976",
  url = "http://www.sciencedirect.com/science/article/pii/S0952197606001187",
  doi = "http://dx.doi.org/10.1016/j.engappai.2006.06.018",
}

@inproceedings{datar-04,
  author = "Mayur Datar and Nicole Immorlica and Piotr Indyk and Vahab S. Mirrokni",
  title = "Locality-Sensitive Hashing Scheme Based on p-Stable Distributions",
  booktitle = "Proceedings of the Twentieth Annual Symposium on Computational Geometry",
  series = "SCG 04",
  location = "Brooklyn, New York, USA",
  pages = "253--262",
  year = 2004,
  publisher = "ACM",
  address = "New York, NY, USA",
  isbn = "1-58113-885-7",
  acmid = "997857",
  url = "http://doi.acm.org/10.1145/997817.997857",
  doi = "http://doi.acm.org/10.1145/997817.997857",
}

@article{dean-08,
  author = "Jeffrey Dean and Sanjay Ghemawat",
  title = "{MapReduce}: Simplified Data Processing on Large Clusters",
  journal = "Communications ofthe {ACM}",
  volume = 51,
  number = 1,
  pages = "107--113",
  month = jan,
  year = 2008,
  acmid = "1327492",
  publisher = "ACM",
  address = "New York, NY, USA",
  issn = "0001-0782",
  url = "http://doi.acm.org/10.1145/1327452.1327492",
  doi = "10.1145/1327452.1327492",
}

@article{dey-16,
  author = "Tamal K. Dey and Dayu Shi and Yusu Wang",
  title = "SimBa: An Efficient Tool for Approximating Rips-filtration Persistence via Simplicial Batch-collapse",
  journal = "24th Annual European Symposium on Algorithms (ESA 2016)",
  year = 2016
}

@inproceedings{dhillon-99,
  author = "Inderjit S. Dhillon and Dharmendra S. Modha",
  title = "A Data-Clustering Algorithm on Distributed Memory Multiprocessors",
  booktitle = "Revised Papers from Large-Scale Parallel Data Mining, Workshop on
                  Large-Scale Parallel {KDD} Systems, {SIGKDD}",
  pages = "245--260",
  publisher = "Springer-Verlag",
  address = "London, {UK}",
  year = 2000,
  acmid = "744385",
  isbn = "3-540-67194-3",
  url = "http://dl.acm.org/citation.cfm?id=648035.744385",
}

@article{dilts-95,
  author = "D. Dilts and J. Khamalah and A. Plotkin",
  title = "Using Cluster Analysis for Medical Resource Decision Making",
  journal = "Med Decis Making",
  volume = 15,
  number = 4,
  pages = "333--347",
  month = "Oct-Dec",
  year = 1995,
  issn = "0272-989X",
  pubmedid = "8544677",
  url = "http://www.biomedsearch.com/nih/Using-cluster-analysis-medical-resource/8544677.html",
}

@inproceedings{ding-10,
  author = "Xuan Ding and Lan Zhang and Zhiguo Wan and Ming Gu",
  title = "A Brief Survey on De-anonymization Attacks in Online Social Networks",
  booktitle = "International Conference on,Computational Aspects of Social Networks",
  series = "CASoN 10",
  pages = "611--615",
  year = 2010,
  doi = "10.1109/CASoN.2010.139",
}

@article{dlotko-14,
  author = "Pawe{\l} D{\l}otko and Hubert Wagner",
  title = "Simplification of Complexes for Persistent Homology Computations",
  journal = "Homology, Homotopy and Applications",
  volume = 16,
  number = 1,
  pages = "49--63",
  year = 2014,
  publisher = "International Press of Boston"
}

@article{doekemeijer-14,
  author = "Niels Doekemeijer and Ana Lucia Varbanescu",
  title = "A Survey of Parallel Graph Processing Frameworks",
  journal = "Parallel and Distributed Systems Report Series, Delft University of Technology",
  year = 2014,
  issn = "1387-2109",
  url = "http://www.ds.ewi.tudelft.nl/fileadmin/pds/reports/2014/PDS-2014-003.pdf",
  address = "2628 CD Delft, The Netherlands"
}

@inproceedings{doherty-04,
  author = "K. A. J. Doherty and R. G. Adams and N. Davey",
  title = "Non-Euclidean Norms and Data Normalisation",
  booktitle = "{ESANN} 2004 Proceedings --- European Symposium on Artificial Neural Networks",
  pages = "181--186",
  year = 2004
}

@misc{dua-17,
  author = "Dheeru Dua and Efi Karra Taniskidou",
  year = 2017,
  title = "{UCI} Machine Learning Repository",
  url = "https://archive.ics.uci.edu/ml/datasets/KDD+Cup+1999+Data",
  institution = "University of California, Irvine, School of Information and Computer Sciences"
}

@inproceedings{edelsbrunner-00,
  author = "Herbert Edelsbrunner and David Letscher and Afra Zomorodian",
  title = "Topological Persistence and Simplification",
  booktitle = "Proceedings of the 41st Annual Symposium on Foundations of Computer Science",
  series = "FOCS '00",
  year = 2000,
  isbn = "0-7695-0850-2",
  publisher = "IEEE Computer Society",
  address = "Washington, DC, USA"
}

@article{edelsbrunner-08,
  author = "Herbert Edelsbrunner and John Harer",
  title = "Persistent Homology -- a Survey",
  journal = "Surveys on Discrete and Computational Geometry",
  organization = "American Mathematical Society",
  volume = 453,
  pages = "257--282",
  year = 2008
}

@book{edelsbrunner-10,
  author = "Herbert Edelsbrunner and John Harer",
  title = "Computational Topology, An Introduction",
  publisher = "American Mathematical Society",
  year = 2010
}

@inproceedings{ester-96,
  author = "Martin Ester and Hans-Peter Kriegel and J{\"o}rg Sander and Xiaowei Xu",
  title = "A Density--Based Algorithm for Discovering Clusters in Large Spatial Databases
                  with Noise",
  booktitle = "Proceedings of the Second International Conference on Knowledge Discovery
               and Data Mining",
  series = "({KDD} 96)",
  pages = "226--231",
  year = 1996
}

@article{fashing-05,
  author = "M. Fashing and C. Tomasi",
  title = "Mean Shift is a Bound Optimization",
  journal = "{IEEE} Transactions on Pattern Analysis and Machine Intelligence",
  volume = 27,
  number = 3,
  pages = "471--474",
  month = mar,
  year = 2005,
  issn = "0162-8828",
  doi = "10.1109/TPAMI.2005.59",
}

@inproceedings{fern-03,
  author = "Xiaoli Zhang Fern and Carla E. Brodley",
  title = "Random Projection for High Dimensional Data Clustering: A Cluster Ensemble Approach",
  booktitle = "Machine Learning, Proceedings of the Twentieth International Conference",
  series = "ICML 03",
  month = aug,
  pages = "186--193",
  year = 2003
}

@techreport{florescu-09,
  author = "Ionut Florescu and Anton Molyboha and Alexey Myasnikov",
  title = "Scaling and Convergence of Projection Sampling",
  institution = "Stevens Institute of Technology",
  year = 2009,
}

@article{forman-98,
  author = "Robin Forman",
  title = "Morse Theory for Cell Complexes",
  journal = "Advances in Mathematics",
  volume = 134,
  number = 1,
  pages = "90--145",
  year = 1998,
  issn = "0001-8708",
  doi = "http://dx.doi.org/10.1006/aima.1997.1650",
}

@unpublished{forney-05,
  author = "David, Forney",
  title = "Chapter 14: Introduction to lattice and trellis codes",
  note = "Lecture: Principles of Digital Communication",
  year = 2005
}

@article{forney-89,
  author = "G. D. {Forney Jr.}",
  title = "A Bounded-Distance Decoding Algorithm for the Leech Lattice, with
                  Generalizations",
  journal = "{IEEE} Transactions on Information Theory",
  volume = 35,
  number = 4,
  pages = "906--909",
  month = jul,
  year = 1989,
  issn = "0018-9448",
  doi = "10.1109/18.32173",
}

@article{forney1-98,
  author = "G. D. {Forney Jr.} and G. Ungerboeck",
  title = "Modulation and Coding for Linear Gaussian Channels",
  journal = "{IEEE} Transactions on Information Theory",
  volume = 44,
  number = 6,
  pages = "2384--2415",
  month = oct,
  year = 1998,
  issn = "0018-9448",
  doi = "10.1109/18.720542",
}

@inproceedings{fortune-86,
  author = "S. Fortune",
  title = "A Sweepline Algorithm for Voronoi Diagrams",
  booktitle = "Proceedings of the Second Annual Symposium on Computational Geometry",
  location = "Yorktown Heights, New York, USA",
  series = "{SCG} 86",
  pages = "313--322",
  year = 1986,
  publisher = "ACM",
  address = "New York, {NY}",
  acmid = "10549",
  isbn = "0-89791-194-6",
  url = "http://doi.acm.org/10.1145/10515.10549",
  doi = "10.1145/10515.10549",
}

@article{fournet-14,
  author = "Julie Fournet and Alain Barrat",
  title = "Contact Patterns among High School Students",
  journal = "PLOS ONE",
  publisher = "Public Library of Science",
  year = 2014,
  month = sep,
  volume = 9,
  number = 9,
  pages = "1--17",
  url = "https://doi.org/10.1371/journal.pone.0107878",
  doi = "10.1371/journal.pone.0107878"
}

@article{fraley-02,
  author = "Chris Fraley and Adrian E. Raftery",
  title = "Model-Based Clustering, Discriminant Analysis and Density Estimation",
  journal = "Journal of the American Statistical Association",
  volume = 97,
  pages = "611--631",
  year = 2002
}

@article{francois-07,
  author = "Damien Francois and Vincent Wertz and Michel Verleysen",
  title = "The Concentration of Fractional Distances",
  journal = "{IEEE} Transactions on Knowledge and Data Engineering",
  volume = 19,
  number = 7,
  pages = "873--886",
  month = jul,
  year = 2007
}

@article{frankl-87,
  author = "P Frankl and H. Maehara",
  title = "The Johnson-Lindenstrauss Lemma and the Sphericity of Some Graphs",
  journal = "J. Comb. Theory Ser. A",
  volume = 44,
  number = 3,
  pages = "355--362",
  month = jun,
  year = 1987,
  publisher = "Academic Press, Inc.",
  address = "Orlando, FL, USA",
  acmid = "48193",
  issn = "0097-3165",
  url = "http://dl.acm.org/citation.cfm?id=48184.48193",
}

@techreport{freeman-91,
  author = "Jon Freeman",
  title = "Parallel Algorithms for Depth-First Search",
  number = "MS-CIS-91-71",
  publisher = "University of Pennsylvania",
  month = oct,
  year = 1991
}

@article{fu-11,
  author = "Tak-Chung Fu",
  title = "A Review on Time Series Data Mining",
  journal = "Eng. Appl. Artif. Intell.",
  volume = 24,
  number = 1,
  pages = "164--181",
  month = feb,
  year = 2011,
  publisher = "Pergamon Press, Inc.",
  address = "Tarrytown, NY, USA",
  acmid = "1897378",
  issn = "0952-1976",
  url = "http://dx.doi.org/10.1016/j.engappai.2010.09.007",
  doi = "10.1016/j.engappai.2010.09.007",
}

@inproceedings{garcia-08,
  author = "V. Garcia and E. Debreuve and M. Barlaud",
  title = "Fast k Nearest Neighbor Search using {GPU}",
  booktitle = "{CVPR} Workshop on Computer Vision on {GPU}",
  address = "Anchorage, Alaska, USA",
  month = jun,
  year = 2008,
}

@inproceedings{gavrilova-03,
  author = "M. L. Gavrilova",
  title = "An Explicit Solution for Computing the Euclidean d-dimensional Voronoi Diagram
                  of Spheres in a Floating-Point Arithmetic",
  booktitle = "Computational Science and Its Applications --- {ICCSA} 2003",
  series = "Lecture Notes in Computer Science",
  volume = 2669,
  editor = "Vipin Kumar and MarinaL Gavrilova. and Chih Jeng Kenneth Tan and Pierre L{'}Ecuyer",
  Publisher = "Springer Berlin Heidelberg",
  pages = "827--835",
  year = 2003,
  isbn = "978-3-540-40156-8",
  url = "http://dx.doi.org/10.1007/3-540-44842-X_84",
  doi = "10.1007/3-540-44842-X_84",
}

@inproceedings{gehrke-01,
  author= "Johannes Gehrke and Flip Korn and Divesh Srivastava",
  title = "On Computing Correlated Aggregates over Continual Data Streams",
  booktitle = "Proceedings of the 2001 {ACM SIGMOD} International Conference on Management of Data",
  series = "{SIGMOD} 01",
  pages = "13--24",
  month = oct,
  year = 2001,
  isbn = "1-58113-332-4",
  doi = "10.1145/375663.375665"
}

@article{geman-84,
  author = "Stuart Geman and Donald Geman",
  title = "Stochastic Relaxation, Gibbs Distributions, and the Bayesian Restoration of
                  Images",
  journal = "{IEEE} Transactions on Pattern Analysis and Machine Intelligence",
  volume = 6,
  number = 6,
  pages = "721--741",
  month = nov,
  year = 1984,
  issn = "0162-8828",
  doi = "10.1109/TPAMI.1984.4767596",
}

@inproceedings{georgescu-03,
  author = "B. Georgescu and I. Shimshoni and P. Meer",
  title = "Mean Shift Based Clustering in High Dimensions: A Texture Classification
                  Example",
  booktitle = "Proceedings of the Ninth {IEEE} International Conference on Computer
                  Vision",
  pages = "456--463",
  month = oct,
  year = 2003,
  Doi = "10.1109/ICCV.2003.1238382"
}

@article{ghrist-08,
  author = "Robert Ghrist",
  title = "Barcodes: The Persistent Topology of Data",
  journal = "Bulletin of the American Mathematical Society",
  volume = 45,
  number = 1,
  pages = "61--75",
  year = "2008"
}

@book{ghrist-14,
  author = "Robert Ghrist",
  title = "Elementary Applied Topology",
  year = 2014,
  publisher = "Createspace"
}

@inproceedings{gollapudi-08,
  author = "Sreenivas Gollapudi and Rina Panigrahy",
  title = "The Power of Two Min-Hashes for Similarity Search Among Hierarchical Data
                  Objects",
  booktitle = "Proceedings of the Twenty-Seventh {ACM SIGMOD-SIGACT-SIGART} Symposium on
                  Principles of Database Systems" ,
  numpages = "10",
  publisher = "{ACM}",
  series = "{PODS} 08",
  pages = "211--220",
  year = 2008,
  location = "Vancouver, Canada",
  address = "New York, NY, USA",
  acmid = "1376946",
  isbn = "978-1-60558-152-1",
  doi = "http://doi.acm.org/10.1145/1376916.1376946",
  url = "http://doi.acm.org/10.1145/1376916.1376946"
}

@techreport{griffin-07,
  author = "G. Griffin and A. Holub and P. Perona",
  title = "Caltech-256 Object Category Dataset",
  number = 7694,
  year = 2007,
  publisher = "California Institute of Technology",
  url = "http://authors.library.caltech.edu/7694"
}

@inproceedings{grossman-08,
  author = "Robert Grossman and Yunhong Gu",
  title = "Data Mining Using High Performance Data Clouds: Experimental Studies Using Sector and Sphere",
  booktitle = "14th ACM SIGKDD International Conference on Knowledge Discovery and Data Mining",
  series = "{KDD} 08",
  location = "Las Vegas, Nevada",
  pages = "920--927",
  year = "2008",
  publisher = "ACM",
  address = "New York, NY, USA",
  acmid = "1402000",
  isbn = "978-1-60558-193-4",
  url = "http://doi.acm.org/10.1145/1401890.1402000",
  doi = "10.1145/1401890.1402000",
}

@misc{guvenir-xx,
  author = "H. Altay Guvenir",
  title = "{UCI} Machine Learning Repository",
  url = "http://archive.ics.uci.edu/ml/datasets/Arrhythmia",
  institution = "University of California, Irvine, School of Information and Computer Sciences"
}

@misc{guyon-04 ,
  author = "Isabelle Guyon and Steve R. Gunn and Asa Ben-Hur and Gideon Dror",
  title = "Result Analysis of the {NIPS} 2003 Feature Selection Challenge",
  booktitle = "NIPS",
  year = 2004,
  url = "http://archive.ics.uci.edu/ml/datasets/Gisette",
}


@article{gymrek-13,
  author = "Melissa Gymrek and Amy L. McGuire and David Golan and Eran Halperin and Yaniv Erlich",
  title = "Identifying Personal Genomes by Surname Inference",
  journal = "Science",
  number = 339,
  volume = 6117,
  pages = "321--324",
  mon = jan,
  year = 2013,
  doi = "10.1126/science.1229566"
}

@article{hajij-18,
  author = "Mustafa Hajij and Bei Wang and Carlos Eduardo Scheidegger and Paul Rosen",
  title = "Visual Detection of Structural Changes in Time-Varying Graphs Using Persistent Homology",
  journal = "2018 IEEE Pacific Visualization Symposium (PacificVis)",
  year = 2018,
  pages = "125--134"
}

@book{han-06,
  author = "Jiawei Han and Micheline Kamber and Jian Pei",
  title = "Data Mining: Concepts and Techniques",
  publisher = "Morgan kaufmann",
  year = 2006
}

@inproceedings{har-peled-01,
  author = "S. Har-Peled",
  title = "A Replacement for Voronoi Diagrams of Near Linear Size",
  booktitle = "Proceedings of the 42nd {IEEE} Symposium on Foundations of Computer
                  Science",
  pages = "94--103",
  month = oct,
  year = 2001,
  doi = "10.1109/SFCS.2001.959884",
}

@inproceedings{harish-07,
  author = "Pawan Harish and P. J. Narayanan",
  title = "Accelerating large graph algorithms on the {GPU} using {CUDA}",
  booktitle = "Proceedings of the 14th International Conference on High Performance
                  Computing",
  location = "Goa, India",
  series = "HiPC 07",
  pages = "197--208",
  year = 2007,
  isbn = "3-540-77219-7, 978-3-540-77219-4",
  publisher = "Springer-Verlag",
  address = "Berlin, Heidelberg",
  acmid = "1782200",
  url = "http://dl.acm.org/citation.cfm?id=1782174.1782200",
}

@article{hartigan-79,
  author = "J. A. Hartigan and M. A. Wong",
  title = "A K-Means Clustering Algorithm",
  journal = "{JSTOR}: Applied Statistics",
  volume = 28,
  number = 1,
  pages = "100--108",
  year = 1979,
}

@article{harvey-14,
  author = "William Harvey and In-Hee Park and Oliver Rubel and Valerio Pascucci and Peer-Timo Bremer and Chenglong Li and Yusu Wang",
  title = "A collaborative visual analytics suite for protein folding research",
  journal = "Journal of Molecular Graphics and Modelling",
  volume = 53,
  pages = "59--71",
  year = 2014,
  issn = "1093-3263",
  doi = "https://doi.org/10.1016/j.jmgm.2014.06.003",
  url = "http://www.sciencedirect.com/science/article/pii/S1093326314000990"
}

@article{hathaway-01,
  author = "R. J. Hathaway and J. C. Bezdek",
  title = "Fuzzy c-means Clustering of Incomplete Data",
  journal = "{IEEE} Transactions on Systems, Man, and Cybernetics, Part {B}: Cybernetics",
  volume = 31,
  number = 5,
  pages = "735--744",
  year = 2001,
  issn = "1083-4419",
  doi = "10.1109/3477.956035",
}

@article{hecht-94,
  author = "R. Hecht-Nielsen",
  title = "Context Vectors: General Purpose Approximate Meaning Representations
                  Self-Organized from Raw Data",
  journal = "Computational intelligence: Imitating life",
  pages = "43--56",
  year = 1994,
  publisher = "{IEEE} Press",
}

@article{herrero-01,
  author = "Javier Herrero and Alfonso Valencia and Joaqun Dopazo",
  title = "A Hierarchical Unsupervised Growing Neural Network for Clustering Gene Expression Patterns",
  journal = "Bioinformatics",
  volume = 17,
  number = 2,
  pages = "126--136",
  month = feb,
  year = 2001
}

@article{hofmann-01,
  author = "Thomas Hofmann",
  title = "Unsupervised Learning by Probabilistic Latent Semantic Analysis",
  journal = "Machine Learning",
  volume = 42,
  number = "1--2",
  pages = "177--196",
  month = jan,
  year = 2001,
  publisher = "Kluwer Academic Publishers",
  address = "Hingham, MA, USA",
  acmid = "599631",
  issn = "0885-6125",
  url = "http://dx.doi.org/10.1023/A:1007617005950",
  doi = "10.1023/A:1007617005950",
}

@article{hong-91,
  author = "Zi Quan Hong and Jing Yu Yang",
  title = "Optimal Discriminant Plane for a Small Number of Samples and Design Method of
                  Classifier on the Plane",
  journal = "Pattern Recognition",
  volume = 24,
  number = 4,
  pages = "317--324",
  month = feb,
  year = 1991,
  publisher = "Elsevier Science Inc.",
  address = "New York, NY, {USA}",
  url = "http://dx.doi.org/10.1016/0031-3203(91)90074-F",
  doi = "10.1016/0031-3203(91)90074-F"
}

@article{horak-09,
  author = "Danijela Horak and Slobodan Maleti{\'{c}} and Milan Rajkovi{\'{c}}",
  title = "Persistent homology of complex networks",
  journal = "Journal of Statistical Mechanics: Theory and Experiment",
  year = 2009,
  month = mar,
  doi = "10.1088/1742-5468/2009/03/p03034",
  url = "https://doi.org/10.1088%2F1742-5468%2F2009%2F03%2Fp03034"
}

@inproceedings{indyk--98,
  author = "Indyk, Piotr and Motwani, Rajeev",
  title = "Approximate Nearest Neighbors: Towards Removing the Curse of Dimensionality",
  booktitle = "Proceedings of the Thirtieth Annual {ACM} Symposium on Theory of
                  Computing",
  location = "Dallas, Texas",
  series = "STOC 98",
  pages = "604--613",
  year = 1998,
  Acmid = "276876",
  Isbn = "0-89791-962-9",
  Publisher = "ACM",
  Address = "New York, NY, USA",
  Url = "http://doi.acm.org/10.1145/276698.276876",
  Doi = "http://doi.acm.org/10.1145/276698.276876",
}

@article{irving-97,
  author = "Robert W. Irving and Paul Leather and Dan Gusfield",
  title = "An Efficient Algorithm for the Optimal Stable Marriage",
  journal = "Journal of the {ACM}",
  volume = 34,
  number = 3,
  pages = "532--543",
  month = jul,
  year = 1987,
  publisher = "ACM",
  address = "New York, NY, USA",
  acmid = "28871",
  issn = "0004-5411",
  url = "http://doi.acm.org/10.1145/28869.28871",
  doi = "http://doi.acm.org/10.1145/28869.28871",
}

@inproceedings{jegou-08,
  author = "H. J\'egou and L. Amsaleg and C. Schmid and P. Gros",
  title = "Query-Adaptive Locality Sensitive Hashing",
  Booktitle = "{IEEE} International Conference on Acoustics, Speech, and Signal
                  Processing",
  year = 2008
}

@article{joswig-06,
  author = "Michael Joswig and Marc E. Pfetsch",
  title = "Computing Optimal Morse Matchings",
  journal = "SIAM Journal on Discrete Mathematics",
  volume = 20,
  number = 1,
  pages = "11--25",
  year = 2006,
  doi = "10.1137/S0895480104445885"
}

@book{kaczynski-04,
  author = "Tomasz Kaczynski and Konstantin Mischaikow and Marian Mrozek",
  title = "Computational Homology",
  series = "Applied Mathematical Sciences",
  volume = 157,
  year = 2004,
  isbn = "978-0-387-40853-8",
  publisher = "Springer-Verlag New York",
}

@article{karger-00,
  author = " David R. Karger",
  title = "Minimum Cuts in Near-Linear Time",
  journal = "Jounal of the {ACM}",
  volume = 47,
  number = 1,
  pages = "46--76",
  month = jan,
  year = 2000,
  publisher = "ACM",
  address = "New York, NY",
  acmid = "331608",
  issn = "0004-5411",
  url = "http://doi.acm.org/10.1145/331605.331608",
  doi = "http://doi.acm.org/10.1145/331605.331608",
}

@article{karp-03,
  author = "Richard M. Karp and Scott Shenker and Christos H. Papadimitriou",
  title = "A Simple Algorithm for Finding Frequent Elements in Streams and Bags",
  journal = "ACM Transactions Database Systems",
  volume = 28,
  number = 1,
  pages = "51--55",
  month = mar,
  year = 2003,
  publisher = "ACM",
  address = "New York, NY, USA",
  acmid = "762473",
  issn = "0362-5915",
  url = "http://doi.acm.org/10.1145/762471.762473",
  doi = "10.1145/762471.762473",
}

@misc{kaski-98,
  author = "Samuel Kaski",
  title = "Dimensionality Reduction by Random Mapping: Fast Similarity Computation for
                  Clustering",
  year = 1998
}

@article{kerber-18,
  author = "Michael Kerber and Hannah Schreiber",
  title = "Barcodes of Towers and a Streaming Algorithm for Persistent Homology",
  journal= "Discrete \& Computational Geometry",
  month = oct,
  year = 2018,
  issn = "1432-0444",
  doi = "10.1007/s00454-018-0030-0",
  url = "https://doi.org/10.1007/s00454-018-0030-0"
}

@article{king-05,
  author = "Henry King and Kevin Knudson and Ne\v{z}a Mramor",
  title = "Generating Discrete Morse Functions from Point Data",
  journal = "Experimental Mathematics",
  volume = 14,
  number = 4,
  pages = "435--444",
  year = 2005,
  publisher = "A K Peters, Ltd.",
}

@inproceedings{klein-88,
  author = "Rolf Klein",
  title = "Abstract Voronoi Diagrams and Their Applications",
  booktitle = "Computational Geometry and its Applications",
  series = "Lecture Notes in Computer Science",
  volume = 333,
  editor = "Hartmut Noltemeier",
  publisher = "Springer Berlin Heidelberg",
  pages = "148--157",
  year = 1988,
  isbn = "978-3-540-50335-4",
  url = "http://dx.doi.org/10.1007/3-540-50335-8_31",
  doi = "10.1007/3-540-50335-8_31",
}

@inproceedings{kohavi-95,
  author = "Ron Kohavi and Dan Sommerfield",
  title = "Feature Subset Selection Using the Wrapper Method: Overfitting and Dynamic
                  Search Space Topology.",
  booktitle = "{KDD}",
  pages = "192--197",
  year = 1995
}

@article{korn-97,
  author = "Flip Korn and H. V. Jagadish and Christos Faloutsos",
  title = "Efficiently Supporting ad hoc Queries in Large Datasets of Time Sequences",
  month = jun,
  journal = "SIGMOD Rec.",
  volume = 26,
  number = 2,
  pages = "289--300",
  year = 1997,
  acmid = "253332",
  publisher = "ACM",
  address = "New York, NY, USA",
  issn = "0163-5808",
  url = "http://doi.acm.org/10.1145/253262.253332",
  doi = "10.1145/253262.253332",
}

@inproceedings{kushmerick-99,
  author = "Nicholas Kushmerick",
  title = "Learning to Remove Internet Advertisements",
  booktitle = "Proceedings of the Third Annual Conference on Autonomous Agents",
  series = "{AGENTS} 99",
  location = "Seattle, Washington, {USA}",
  pages = "175--181",
  year = 1999,
  publisher = "{ACM}",
  address = "New York, NY, {USA}",
  acmid = "301186",
  isbn = "1-58113-066-X",
  url = "http://doi.acm.org/10.1145/301136.301186",
  doi = "10.1145/301136.301186"
}

@article{ladner-80,
  author = "Richard E. Ladner and Michael J. Fischer",
  title = "Parallel Prefix Computation",
  journal = "Journal of the {ACM}",
  volume = 27,
  number = 4,
  pages = "831--838",
  month = oct,
  year = 1980,
  publisher = "ACM",
  address = "New York, NY, USA",
  acmid = "322232",
  issn = "0004-5411",
  url = "http://doi.acm.org/10.1145/322217.322232",
  doi = "10.1145/322217.322232",
}

@article{leech-67,
  author = "John Leech",
  title = "Notes on Sphere Packings",
  journal = "Canadian Journal of Mathematics",
  year = 1967
}

@article{leskovec-07,
  author = "Jure Leskovec and Jon Kleinberg and Christos Faloutsos",
  title = "Graph Evolution: Densification and Shrinking Diameters",
  journal = "ACM Transactions on Knowledge Discovery from Data (TKDD)",
  volume = 1,
  number = 1,
  month = mar,
  year = 2007,
  issn = "1556-4681",
  articleno = 2,
  url = "http://doi.acm.org/10.1145/1217299.1217301",
  doi = "10.1145/1217299.1217301",
  publisher = "ACM",
  address = "New York, NY, USA"
}

@book{leskovec-14,
  author = "Jure Leskovec and Anand Rajaraman and Jeffrey David Ullman",
  title = "Mining of Massive Datasets",
  isbn = {978-1-107-07723-2},
  publisher = "Cambridge University Press",
  year = 2014
}

@misc{lhf,
  title = "Lightweight Framework for Homology",
  url = "https://github.com/wilseypa/lhf"
}

@inproceedings{li-09,
  author = "Fajie Li and Reinhard Klette",
  title = "A Variant of Adaptive Mean Shift-Based Clustering",
  booktitle = "Proceedings of the 15th International Conference on Advances in
                  Neuro-Information Processing --- Volume Part {I}",
  location = "Auckland, New Zealand",
  series = "{ICONIP} 08",
  pages = "1002--1009",
  year = 2009,
  publisher = "Springer-Verlag",
  address = "Berlin, Heidelberg",
  acmid = "1813621",
  isbn = "3-642-02489-0, 978-3-642-02489-4",
  url = "http://dl.acm.org/citation.cfm?id=1813488.1813621",
}

@inproceedings{li-09,
  author = "Fajie Li and Reinhard Klette",
  title = "A Variant of Adaptive Mean Shift-Based Clustering",
  booktitle = "Proceedings of the 15th International Conference on Advances in
                  Neuro-information Processing --- Volume Part {I}",
  series = "ICONIP 08",
  location = "Auckland, New Zealand",
  pages = "1002--1009",
  year = 2009,
  publisher = "Springer-Verlag",
  address = "Berlin, Heidelberg",
  isbn = "3-642-02489-0, 978-3-642-02489-4",
  acmid = "1813621",
  url = "http://dl.acm.org/citation.cfm?id=1813488.1813621",
}

@article{liao-05,
  author = "T. Warren Liao",
  title = "Clustering of Time Series Data --- A Survey",
  journal = "Pattern Recognition",
  volume = 38,
  number = 11,
  pages = "1857--1874",
  month = nov,
  year = 2005,
  publisher = "Elsevier Science Inc.",
  address = "New York, NY, USA",
  issn = "0031-3203",
  acmid = "1746700",
  url = "http://dx.doi.org/10.1016/j.patcog.2005.01.025",
  doi = "10.1016/j.patcog.2005.01.025",
}

@inproceedings{liberty-08,
  author = "Liberty, Edo and Ailon, Nir and Singer, Amit",
  title = "Dense Fast Random Projections and Lean Walsh Transforms",
  booktitle = "Approximation, Randomization and Combinatorial Optimization. Algorithms and Techniques",
  editor = "Ashish Goel and Klaus Jansen and Jos\'e D. P. Rolim and Ronitt Rubinfeld",
  series = "Lecture Notes in Computer Science",
  volume = "5171",
  pages = "512--522",
  year = 2008,
  publisher = "Springer Berlin Heidelberg",
  isbn = "978-3-540-85362-6",
  url = "http://dx.doi.org/10.1007/978-3-540-85363-3_40",
  doi = "10.1007/978-3-540-85363-3_40",
}

@article{liberty-14,
  author = "Edo Liberty and Ram Sriharsha and Maxim Sviridenko",
  title = "An Algorithm for Online K-Means Clustering",
  journal = "CoRR",
  volume = "abs/1412.5721",
  year = 2014,
  url = "http://arxiv.org/abs/1412.5721"
}

@misc{lichmann-13,
  author = "M. Lichman",
  title = "{UCI} Machine Learning Repository",
  institution = "University of California, Irvine, School of Information and Computer Sciences",
  year = 2013,
  url = "http://archive.ics.uci.edu/ml",
}

@inproceedings{lindell-00,
 author = "Yehuda Lindell and Benny Pinkas",
 title = "Privacy Preserving Data Mining",
 booktitle = "20th Annual International Cryptology Conference on Advances in Cryptology",
 series = {CRYPTO 00},
 pages = "36--54",
 year = 2000,
 publisher = "Springer-Verlag",
 address = "London, {UK}",
 acmid = "704129",
 isbn = "3-540-67907-3",
 url = "http://dl.acm.org/citation.cfm?id=646765.704129"
}

@inproceedings{liu-11,
  author = "Lei Liu and Wangmeng Zuo and D. Zhang and Dongyu Zhang",
  title = "Learning with Multiple Gaussian Distance Kernels for Time Series
                  Classification",
  booktitle = "3rd International Conference on Advanced Computer Control",
  month = jan,
  pages = "624--628",
  year = 2011,
  doi = "10.1109/ICACC.2011.6016490",
}

@article{lloyd-82,
  author = "Stuart P. Lloyd",
  title = "Least Squares Quantization in {PCM}",
  journal = "{IEEE} Transactions on Information Theory",
  volume = 28,
  pages = "129--137",
  year = 1982
}

@article{lowe-04,
  author = "David G. Lowe",
  title = "Distinctive Image Features from Scale-Invariant Keypoints",
  journal = "Int. J. Comput. Vision",
  volume = 60,
  number = 2,
  pages = "91--110",
  month = nov,
  year = 2004,
  publisher = "Kluwer Academic Publishers",
  Address = "Hingham, MA, USA",
  acmid = "996342",
  issn = "0920-5691",
  url = "http://dl.acm.org/citation.cfm?id=993451.996342",
  doi = "10.1023/B:VISI.0000029664.99615.94"
}

@inproceedings{lowe-99,
  author = "D. G. Lowe",
  title = "Object Recognition from Local Scale-Invariant Features",
  booktitle = "Proceedings of the Seventh {IEEE} International Conference on Computer
                  Vision",
  volume = 2,
  pages = "1150--1157",
  year = 1999,
  doi = "10.1109/ICCV.1999.790410"
}

@article{lu-14,
  author = "Yi Lu and James Cheng and Da Yan and Huanhuan Wu",
  title = "Large-Scale Distributed Graph Computing Systems: An Experimental Evaluation",
  journal = "Proceedings of the VLDB Endowment",
  volume = 8,
  number = 3,
  month = nov,
  year = 2014,
  issn = "2150-8097",
  pages = "281--292",
  doi = "10.14778/2735508.2735517",
  publisher = "VLDB Endowment"
}

@article{luhr-09,
  author = "Sebastian L{\"u}hr and Mihai Lazarescu",
  title = "Incremental clustering of dynamic data streams using connectivity based representative points",
  journal = "Data \& Knowledge Engineering",
  volume = 68,
  number = 1,
  pages = "1--27",
  year = 2009,
  issn = "0169-023X"
}

@article{lum-13,
  author = "P. Y. Lum and G. Singh and A. Lehman and T. Ishkanov and M. Vejdemo-Johansson and M. Alagappan and J. Carlsson and G. Carlsson",
  title = "Extracting insights from the shape of complex data using topology",
  journal = "Scientific Reports",
  volume = 3,
  month = feb,
  year = 2013,
  issn = "2045-2322",
  doi = "10.1038/srep01236"
}

@inproceedings{lv-07,
  author = "Qin Lv and William Josephson and Zhe Wang and Moses Charikar and Kai Li",
  title = "Multi-probe {LSH}: Efficient Indexing for High-Dimensional Similarity Search",
  booktitle = "Proceedings of the 33rd International Conference on Very Large Data Bases",
  series = "VLDB 07",
  location = "Vienna, Austria",
  pages = "950--961",
  year = 2007,
  publisher = "{VLDB} Endowment",
  acmid = "1325958",
  isbn = "978-1-59593-649-3",
  url = "http://dl.acm.org/citation.cfm?id=1325851.1325958"
}

@inproceedings{macqueen-67,
  author = "J. Macqueen",
  title = "Some Methods for Classification and Analysis of Multivariate Observations",
  booktitle = "5th Berkeley Symposium on Mathematical Statistics and Probability",
  pages = "281--297",
  year = 1967
}

@article{magidson-02,
  author = "Jay Magidson and Jeroen Vermunt",
  title = "Latent Class Models for Clustering: A Comparison with K-means",
  journal = "Canadian Journal of Marketing Research",
  volume = 20,
  number = 1,
  pages = "36--43",
  year = 2002
}

@incollection{mahajan-09,
  author = "Meena Mahajan and Prajakta Nimbhorkar and Kasturi Varadarajan",
  title = "The Planar k-Means Problem is {NP}-Hard",
  booktitle = "Proceedings of the 3rd International Workshop on Algorithms and Computation",
  series = "Lecture Notes in Computer Science",
  volume = "5431",
  editor = "Sandip Das and Ryuhei Uehara",
  pages = "274--285",
  year = 2009,
  publisher = "Springer-Verlag",
  address = "Berlin, Heidelberg",
  acmid = "1507122",
  isbn = "978-3-642-00201-4",
  url = "http://dx.doi.org/10.1007/978-3-642-00202-1_24",
  doi = "10.1007/978-3-642-00202-1_24",
}

@manual{mahout-11,
  author = "Apache Software Foundation",
  title = "Apache Mahout:: Scalable Machine-Learning and Data-Mining Library",
  year = 2011,
  Bdsk--url--1 = "http://mahout.apache.org",
  Date--added = "2011-03-15 13:39:56 +0100",
  Date--modified = "2011-04-29 14:12:11 +0200",
  Distribution = "Global",
  Lastchecked = "2011-03-15",
  Month = "April",
  Url = "http://mahout.apache.org",
}

@inproceedings{malewicz-10,
  author = "Grzegorz Malewicz and Matthew H. Austern and Aart J. C. Bik and James C. Dehnert and Ilan Horn and Naty Leiser and Grzegorz Czajkowski",
  title = "Pregel: A System for Large-scale Graph Processing",
  booktitle = "Proceedings of the 2010 ACM SIGMOD International Conference on Management of Data",
  series = "SIGMOD '10",
  year = 2010,
  isbn = "978-1-4503-0032-2",
  location = "Indianapolis, Indiana, USA",
  pages = "135--146",
  numpages = 12,
  doi = "10.1145/1807167.1807184",
  publisher = "ACM",
  address = "New York, NY, USA"
}

@inproceedings{manku-02,
  author = "Gurmeet Singh Manku and Rajeev Motwani",
  title = "Approximate Frequency Counts Over Data Streams",
  booktitle = "Proceedings of the 28th International Conference on Very Large Data Bases",
  pages = "346--357",
  year = 2002
}

@techreport{maria-14,
  author = "Cl{\'e}ment Maria and Jean-Daniel Boissonnat and  Marc Glisse and  Mariette Yvinec",
  title = "The Gudhi Library: Simplicial  Complexes  and  Persistent  Homology",
  institution = {INRA},
  number ={RR-8548},
  url = {https://hal.inria.fr/hal-01005601v2},
  year = 2014
}
                  
@article{marimont-79,
  author = "R. B. Marimont and M. B. Shapiro",
  title = "Nearest Neighbour Searches and the Curse of Dimensionality",
  journal = "{IMA} Journal of Applied Mathematics",
  volume = 24,
  number = 1,
  pages = "59--70",
  year = 1979,
  eprint = "http://imamat.oxfordjournals.org/content/24/1/59.full.pdf+html",
  url = "http://imamat.oxfordjournals.org/content/24/1/59.abstract",
  doi = "10.1093/imamat/24.1.59",
}

@inproceedings{marlin-12,
  author = "Benjamin M. Marlin and David C. Kale and Robinder G. Khemani and Randall
                  C. Wetzel",
  title = "Unsupervised Pattern Discovery in Electronic Health Care Data using
                  Probabilistic Clustering Models",
  booktitle = "Proceedings of the 2nd ACM {SIGHIT} International Health Informatics
                  Symposium",
  location = "Miami, Florida, USA",
  series = "IHI 12",
  pages = "389--398",
  year = 2012,
  publisher = "ACM",
  address = "New York, {NY}",
  acmid = "2110408",
  isbn = "978-1-4503-0781-9",
  url = "http://doi.acm.org/10.1145/2110363.2110408",
  doi = "10.1145/2110363.2110408",
}

@article{mccune-15,
  author = "Robert Ryan McCune and Tim Weninger and Greg Madey",
  title = "Thinking Like a Vertex: A Survey of Vertex-Centric Frameworks for Large-Scale Distributed Graph Processing",
  journal = "ACM Computing Surveys (CSUR)",
  volume = 48,
  number = 2,
  month = nov,
  year = 2015,
  issn = "0360-0300",
  pages = "1--39",
  doi = "10.1145/2818185",
  publisher = "ACM",
  address = "New York, NY, USA"
}

@inproceedings{milosavljevic-11,
  author = "Nikola Milosavljevi\'{c} and Dmitriy Morozov and Primo\v{z} \v{S}kraba",
  title = "Zigzag Persistent Homology in Matrix Multiplication Time",
  booktitle = "Proceedings of the Twenty-seventh Annual Symposium on Computational Geometry",
  series = "SoCG '11",
  year = 2011,
  isbn = "978-1-4503-0682-9",
  location = "Paris, France",
  pages = "216--225",
  doi = "10.1145/1998196.1998229",
  publisher = "ACM",
  address = "New York, NY, USA"
} 

@article{mischaikow-13,
  author = "Konstantin Mischaikow and Vidit Nanda",
  title = "Morse Theory for Filtrations and Efficient Computation of Persistent Homology",
  journal = "Discrete \& Computational Geometry",
  year = 2013,
  volume = 50,
  number = 2,
  pages = "330--353",
  issn = "1432-0444",
  doi = "10.1007/s00454-013-9529-6"
}

@misc{mllib,
  url = "http://spark.apache.org/docs/latest/ml-guide.html"
}

@article{morris-78,
  author = "Robert Morris",
  title = "Counting Large Numbers of Events in Small Registers",
  journal = "Communications of the ACM",
  volume = 21,
  number = 10,
  pages = "840--842",
  year = 1978,
  publisher = "{ACM}",
}

@misc{mount-98,
  author = "David M. Mount and Sunil Arya",
  title = "{ANN}: A library for Approximate Nearest Neighbor Searching",
  version= "1.1.2",
  month= jan,
  year = 2010,
  url = "http://www.cs.umd.edu/ mount/ANN/",
}

@misc{mpi-spec-93,
  author = {The MPI Forum},
  title = "{MPI}: A Message Passing Interface",
  year = 1993
}

@inproceedings{muja-09,
  author = "Marius Muja and David G. Lowe",
  title = "Fast Approximate Nearest Neighbors with Automatic Algorithm Configuration",
  booktitle = "International Conference on Computer Vision Theory and Application {(VISSAPP 09)}",
  Publisher = "INSTICC Press",
  pages = "331--340",
  year = 2009
}

@article{murtagh-14,
  author = "Fionn Murtagh and Pierre Legendre",
  title = "Ward's Hierarchical Agglomerative Clustering Method: Which Algorithms Implement Ward's Criterion?",
  journal = "Journal of Classification",
  year = 2014,
  volume = "31",
  number = "3",
  pages = "274--295",
  issn="1432-1343",
  doi="10.1007/s00357-014-9161-z",
  url="http://dx.doi.org/10.1007/s00357-014-9161-z"
}

@phdthesis{nanda-12,
  author = "Vidit Nanda",
  title = "Discrete Morse Theory for Filtrations",
  year = 2012,
  month = oct,
  school = "Department of Mathematics, Rutgers University",
  url = "http://people.maths.ox.ac.uk/nanda/source/Thesis.pdf",
}

@inproceedings{narayanan-08,
  author = "A. Narayanan and V. Shmatikov",
  title = "Robust De-anonymization of Large Sparse Datasets",
  booktitle = "{IEEE} Symposium on Security and Privacy",
  pages = "111--125",
  year = 2008,
  issn = "1081-6011",
  doi = "10.1109/SP.2008.33",
}

@article{ng-02,
  author = "Raymond T. Ng and Jiawei Han",
  title = "{CLARANS}: A Method for Clustering Objects for Spatial Data Mining",
  journal = "{IEEE} Transactions on Knowledge and Data Engineering",
  volume = 14,
  number = 5,
  pages = "1003--1016",
  year = 2002,
  publisher = "IEEE",
}

@inproceedings {oliveira-10,
  author = "M\'{a}rcia Oliveira and Jo\~ao Gama",
  title = "{MEC} --- Monitoring Clusters' Transitions",
  booktitle = "Proceedings of the 2010 Conference on {STAIRS} 2010: Proceedings of the Fifth
                  Starting AI Researchers' Symposium",
  volume = 46 ,
  article = 13,
  pages = "212--224",
  year = 2010,
  isbn = "978-1-60750-675-1"
}

@article{oliveira-12,
  author= "Oliveira, M\'arcia and Gama, Jo\~ao",
  title = "A Framework to Monitor Clusters Evolution Applied to Economy and Finance Problems",
  journal = "Intell. Data Anal.",
  volume = 16,
  number = 1,
  pages = "93--111",
  month = jan,
  year = 2012,
  issn = "1088-467X",
  doi = "10.3233/IDA-2011-0512"
}

@article{omohundro-89,
  author = "Stephen M. Omohundro",
  title = "Five Balltree Construction Algorithms",
  journal = "International Computer Science Institute Technical Report",
  year = 1989
}

@inproceedings{ostlin-03,
  author = "Anna Ostlin and Rasmus Pagh",
  title = "Uniform Hashing in Constant Time and Linear Space",
  BookTitle = "Proceedings of the Thirty-Fifth Annual {ACM} Symposium on Theory of Computing",
  Location = "San Diego, CA, USA",
  Series = "STOC 03",
  pages = "622--628",
  year = 2003,
  publisher = "{ACM}",
  address = "New York, NY, USA",
  isbn = "1--58113--674--9",
  acmid = "780633",
  url = "http://doi.acm.org/10.1145/780542.780633",
  doi = "http://doi.acm.org/10.1145/780542.780633",
}

@article{otter-15,
  author = "Nina Otter and Mason A. Porter and Ulrike Tillmann and Peter Grindrod and Heather A. Harrington",
  title = "A Roadmap for the Computation of Persistent Homology",
  journal = "arXiv preprint arXiv:1506.08903",
  year = 2015
}

@article{otter-17,
  author = "Nina Otter and Mason A. Porter and Ulrike Tillmann and Peter Grindrod and Heather A. Harrington",
  title = "A Roadmap for the Computation of Persistent Homology",
  journal = "EPJ Data Science",
  year = 2017,
  month = aug,
  volume = 6,
  number = 1,
  issn = "2193-1127",
  doi = "10.1140/epjds/s13688-017-0109-5"
}

@inproceedings{ougiaroglou-12,
  author = "Stefanos Ougiaroglou and Georgios Evangelidis",
  title = "A Simple Noise-Tolerant Abstraction Algorithm for Fast k-NN Classification",
  booktitle = "Hybrid Artificial Intelligent Systems",
  year = 2012,
  publisher = "Springer Berlin Heidelberg",
  address = "Berlin, Heidelberg",
  pages = "210--221"
}

@inproceedings{panigrahy-06,
  author = "Rina Panigrahy",
  title = "Entropy Based Nearest Neighbor Search in High Dimensions",
  booktitle = "Proceedings of the Seventeenth Annual {ACM-SIAM} Symposium on Discrete
                  Algorithm",
  location = "Miami, Florida",
  series = "{SODA} 06",
  pages = "1186--1195",
  year = 2006,
  publisher = "ACM",
  address = "New York, NY, USA",
  acmid = "1109688",
  isbn = "0--89871--605--5",
  url = "http://doi.acm.org/10.1145/1109557.1109688",
  doi = "http://doi.acm.org/10.1145/1109557.1109688",
}

@incollection{park-02,
  author = "Byung-Hoon Park and Hillol Kargupta",
  title = "Distributed Data Mining: Algorithms, Systems, and Applications",
  booktitle = "Data Mining Handbook",
  editor = "Nong Ye",
  pages = "341--358",
  year = 2002
}

@article{pauleve-10,
  author = "Lo{\"ic} Paulev\'e and Herv\'e J\'egou and Laurent Amsaleg",
  title = "Locality Sensitive Hashing: A Comparison of Hash Function Types and Querying
                  Mechanisms",
  journal = "Pattern Recognition Letters",
  volume = 31,
  number = 11,
  pages = "1348--1358",
  year = 2010,
  issn = "0167-8655",
  url = "http://www.sciencedirect.com/science/article/pii/S0167865510001169",
  doi = "10.1016/j.patrec.2010.04.004",
}

@article{petri-13,
  author = "Giovanni Petri and Martina Scolamiero and Irene Donato and Francesco Vaccarino",
  title = "Topological Strata of Weighted Complex Networks",
  journal = "PLOS ONE",
  publisher = "Public Library of Science",
  year = 2013,
  month = jun,
  volume = 8,
  number = 6,
  pages = "1--8",
  url = "https://doi.org/10.1371/journal.pone.0066506",
  doi = "10.1371/journal.pone.0066506"
}

@book{pless-03,
  author = "W. Huffman and V. Pless",
  title = "Fundamentals of Error-Correcting Codes",
  Publisher = "Cambridge University Press",
  year = 2003
}

@techreport{powers-07,
  author = "David M. W. Powers",
  title = "Evaluation: From Precision, Recall and F-Factor to {ROC}, Informedness,
                  Markedness \& Correlation",
  Address = "Adelaide, Australia",
  publisher = "School of Informatics and Engineering, Flinders University",
  number = "SIE-07-001",
  year = 2007,
  biburl = "http://www.bibsonomy.org/bibtex/20f6067bb55320839c22e1eae98de4d49/scribbler",
}

@article{pratt-02,
  author = "Kevin B. Pratt and E, Fink",
  title = "Search for Patterns in Compressed Time Series",
  journal = "International Journal of Image and Graphics",
  volume = 02,
  number = 01,
  pages = "89--106",
  year = 2002,
  eprint = "http://www.worldscientific.com/doi/pdf/10.1142/S0219467802000482",
  url = "http://www.worldscientific.com/doi/abs/10.1142/S0219467802000482",
  doi = "10.1142/S0219467802000482",
}

@techreport{presidential-12,
  title = "PRIVACY and PROGRESS in Whole Genome Sequencing",
  address = "Washington",
  publisher = "Presidential Commission for the Study of Bioethical Issues",
  month = oct,
  year = 2012
}

@book{rajaraman-11,
  author = "A. Rajaraman and J. D. Ullman",
  title = "Mining of Massive Datasets",
  year = 2011,
  publisher = "Cambridge University Press",
  isbn = "9781107015357",
  url = "http://books.google.com/books?id=OefRhZyYOb0C",
}

@inproceedings{ramamurthy-14, 
  author = "Karthikeyan Natesan Ramamurthy and Kush R. Varshney and Jayaraman J. Thiagarajan",
  booktitle = "2014 IEEE Workshop on Statistical Signal Processing (SSP)",
  title = "Computing Persistent Homology under Random Projection",
  year = 2014,
  month = jun,
  pages = "105--108",
  doi = "10.1109/SSP.2014.6884586", 
  issn = "2373-0803"
}

@article{rathore-15,
  author = "Abhishek Rathore",
  title = "Min-Morse: Approximability \& Applications",
  journal = "arXiv preprint arXiv:1503.03170",
  year = 2015
}

@article{reed-02,
  author = "William J. Reed and Barry D. Hughes",
  title = "From Gene Families and Genera to Incomes and Internet File Sizes: Why Power
                  Laws are so Common in Nature",
  journal = "Physical Review E",
  volume = 66,
  number = 6,
  publisher = "APS",
  year = 2002
}

@inproceedings{reeves-08,
  author = "G. Reeves and M. Gastpar",
  title = "Sampling Bounds for Sparse Support Recovery in the Presence of Noise",
  BookTitle = "{IEEE} International Symposium on Information Theory",
  series = "{ISIT} 08",
  pages = "2187--2191",
  month = jul,
  year = 2008,
  Doi = "10.1109/ISIT.2008.4595378",
}

@misc{roberts-06,
  author = "Austin Roberts",
  title = "Properties of the Leech Lattice",
  year = 2006
}

@article{robins-11, 
  author = "Vanessa Robins and Peter John Wood and Adrian P. Sheppard",
  title = "Theory and Algorithms for Constructing Discrete Morse Complexes from Grayscale Digital Images",
  journal = "IEEE Transactions on Pattern Analysis and Machine Intelligence", 
  volume = 33, 
  number = 8, 
  pages = "1646--1658",
  month = Aug,
  year = 2011,
  issn = "0162-8828",
  doi = "10.1109/TPAMI.2011.95"
}

@article{saeed-11,
  author = "Mohammed Saeed and Mauricio Villarroel and Andrew T. Reisner and Gari Clifford
                  and Li-Wei Lehman and George Moody and Thomas Heldt and Tin H. Kyaw and
                  Benjamin Moody and Roger G. Mark",
  title = "Multiparameter Intelligent Monitoring in Intensive Care {II} ({MIMIC-II}): A
                  Public-Access Intensive Care Unit Database",
  journal = "Critical Care Medicine",
  volume = 39,
  pages = "952--960",
  month = may,
  year = 2011,
  Url = "http://www.ncbi.nlm.nih.gov/pmc/articles/PMC3124312/",
}

@inproceedings{salihoglu-13,
  author = "Semih Salihoglu and Jennifer Widom",
  title = "{GPS}: A Graph Processing System",
  booktitle = "Proceedings of the 25th International Conference on Scientific and Statistical Database Management",
  series = "SSDBM",
  year = 2013,
  isbn = "978-1-4503-1921-8",
  location = "Baltimore, Maryland, USA",
  pages = "22:1--22:12",
  doi = "10.1145/2484838.2484843",
  publisher = "ACM",
  address = "New York, NY, USA",
}

@book{samet-06,
  author = "Hanan Samet",
  title = "Foundations of Multidimensional and Metric Data Structures",
  year = 2006,
  publisher = "Morgan Kaufmann",
}

@inproceedings{santos-09,
  author = "Jorge M. Santos and Mark Embrechts",
  title = "On the Use of the Adjusted Rand Index As a Metric for Evaluating Supervised
                  Classification",
  booktitle = "Proceedings of the 19th International Conference on Artificial Neural
                  Networks: Part {II}",
  series = "{ICANN} 09",
  location = "Limassol, Cyprus",
  pages = "175--184",
  year = 2009,
  publisher = "Springer--Verlag",
  address = "Berlin, Heidelberg",
  acmid = "1691810",
  isbn = "978-3-642-04276-8",
  url = "http://dx.doi.org/10.1007/978-3-642-04277-5_18",
  doi = "10.1007/978-3-642-04277-5_18",
}

@article{sen-08,
  author = "Prithviraj Sen and Galileo Mark Namata and Mustafa Bilgic and Lise Getoor and
                  Brian Gallagher and Tina Eliassi-Rad",
  title = "Collective Classification in Network Data",
  journal = "AI Magazine",
  volume = 29,
  number = 3,
  pages = "93--106",
  year = 2008
}

@inproceedings{shakhnarovich-03,
  author = "Gregory Shakhnarovich and Paul A. Viola and Trevor Darrell",
  title = "Fast Pose Estimation with Parameter-Sensitive Hashing",
  booktitle = "9th {IEEE} International Conference on Computer Vision",
  series = "ICCV 2003",
  pages = "750--759",
  year = 2003,
  publisher = "IEEE Computer Society",
  bibsource = "DBLP, http://dblp.uni-trier.de",
  ee = "http://doi.ieeecomputersociety.org/10.1109/ICCV.2003.1238424",
  isbn = "0-7695-1950-4",
}

@article{sheehy-13,
  author = "Donald R. Sheehy",
  title = "Linear-Size Approximations to the Vietoris--Rips Filtration",
  journal = "Discrete \& Computational Geometry",
  year = 2013,
  month = jun,
  volume = 49,
  number = 4,
  pages = "778--796",
  issn = "1432-0444",
  doi = "10.1007/s00454-013-9513-1",
  url = "https://doi.org/10.1007/s00454-013-9513-1"
}

@inproceedings{sheehy-14,
  author = "Donald R. Sheehy",
  title = "The Persistent Homology of Distance Functions Under Random Projection",
  booktitle = "Proceedings of the Thirtieth Annual Symposium on Computational Geometry",
  series = "SOCG'14",
  year = 2014,
  isbn = "978-1-4503-2594-3",
  location = "Kyoto, Japan",
  pages = "328:328--328:334",
  url = "http://doi.acm.org/10.1145/2582112.2582126",
  doi = "10.1145/2582112.2582126",
  publisher = "ACM",
  address = "New York, NY, USA"
} 

@inproceedings{shindler-11,
  author = "Michael Shindler and Alex Wong and Adam W. Meyerson",
  title = "Fast and Accurate K-Means for Large Datasets",
  booktitle = "Advances in Neural Information Processing Systems",
  pages = "2375--2383",
  year = 2011
}

@inproceedings{shirahata-10,
  author = "K. Shirahata and H. Sato and S. Matsuoka",
  title = "Hybrid Map Task Scheduling for {GPU}-Based Heterogeneous Clusters",
  booktitle = "IEEE Second International Conference on Cloud Computing Technology and Science",
  pages = "733--740",
  month = nov,
  year = 2010,
  doi = "10.1109/CloudCom.2010.55",
}

@inproceedings{shvachko-10,
  author = "Konstantin Shvachko and Hairong Kuang and Sanjay Radia and Robert Chansler",
  title = "The Hadoop Distributed File System",
  booktitle = "Proceedings of the 2010 {IEEE} 26th Symposium on Mass Storage Systems and
                  Technologies",
  series = "MSST 10",
  pages = "1--10",
  year = 2010,
  publisher = "{IEEE} Computer Society",
  address = "Washington, DC, USA",
  acmid = "1914427",
  isbn = "978-1-4244-7152-2",
  url = "http://dx.doi.org/10.1109/MSST.2010.5496972",
  doi = "10.1109/MSST.2010.5496972",
}

@article{silva-13,
  author = "Jonathan A. Silva and Elaine R. Faria and Rodrigo C. Barros and Eduardo
                  R. Hruschka and Andr\'e C. P. L. F. {de Carvalho} and Jo\~ao Gama",
  title = "Data Stream Clustering: A Survey",
  journal = "{ACM} Computing Surveys",
  volume = 46 ,
  number = 1,
  article = 13,
  pages = "3.1--13.31",
  month = oct,
  year = 2013,
  issn = "0360-0300",
  doi = "10.1145/2522968.2522981"
}

@inproceedings{simmhan-14,
  author = "Yogesh Simmhan and Alok Kumbhare and Charith Wickramaarachchi and Soonil Nagarkar and Santosh Ravi and Cauligi Raghavendra and Viktor Prasanna",
  title = "\textit{GoFFish}: A Sub-Graph Centric Framework for Large-Scale Graph Analytics",
  editor = "Fernando Silva and In{\^e}s Dutra and V{\'i}tor Santos Costa",
  booktitle = "European Conference on Parallel Processing",
  pages = "451--462",
  year = 2014,
  publisher = "Springer International Publishing"
}

@inproceedings{sivara-07,
  author = "K. R. Sivaramakrishnan and K. Karthik and C. Bhattacharyya",
  title = "Kernels for Large Margin Time-Series Classification",
  booktitle = "International Joint Conference on Neural Networks",
  series= "{IJCNN} 2007",
  pages = "2746--2751",
  month = aug,
  year = 2007,
  issn = "1098-7576",
  doi = "10.1109/IJCNN.2007.4371393",
}

@inproceedings{sivaramakrishnan-07,
  author = "K. R. Sivaramakrishnan and K. Karthik and C. Bhattacharyya",
  title = "Kernels for Large Margin Time-Series Classification",
  booktitle = "International Joint Conference on Neural Networks",
  series = "{IJCNN} 07",
  pages = "2746--2751",
  month = aug,
  year = 2007,
  issn = "1098-7576",
  doi = "10.1109/IJCNN.2007.4371393",
}

@misc{sospedra-14,
  author = "Joaquin Torres-Sospedra and Raul Montoliu and Adolfo Martinez-Uso and Tomar J. Arnau and Joan P. Avariento and Mauri Benedito-Bordonau and Joaquin Huerta",
  title = "UJIIndoorLoc: A New Multi-building and Multi-floor Database for WLAN Fingerprint-based Indoor Localization Problems",
  booktitle = "Fifth International Conference on Indoor Positioning and Indoor Navigation",
  year = 2014,
  url = "http://archive.ics.uci.edu/ml/datasets/UJIIndoorLoc",
}

@misc{stanford-14,
  author = "Stanford University Computer Graphics Laboratory",
  title = "The Stanford 3D Scanning Repository",
  url = "https://graphics.stanford.edu/data/3Dscanrep",
  howpubished = "(online, accessed Oct 2017)",
  year = 2014
}

@misc{sumner-04,
  author = "Robert W. Sumner and Jovan Popovic",
  title = "Mesh Data from Deformation Transfer for Triangle Meshes", 
  url = " https://people.csail.mit.edu/sumner/research/deftransfer/data.html",
  howpubished = "(online, accessed Oct 2017)",
  year = 2004
}
                  
@phdthesis{sun-94,
  author = "Feng--Wen Sun",
  title = "Decoding Techniques and Modulations Scheme for Band--Limited Communication
                  Channels",
  School = "Technical University of Eidenhoven",
  month = feb,
  year = 1994
}

@article{sun-95,
  author = "Feng-Wen Sun and H. C. A. {van Tilborg}",
  title = "The Leech Lattice, The Octacode, and Decoding Algorithms",
  journal = "{IEEE} Transactions on Information Theory",
  volume = 41,
  number = 4,
  pages = "1097--1106",
  month = jul,
  year = 1995,
  issn = "0018-9448",
  doi = "10.1109/18.391252"
}

@inproceedings{sung-09,
  author = "P. Sung and Z. Syed and J. Guttag",
  title = "Quantifying Morphology Changes in Time Series Data with Skew",
  booktitle = "{IEEE} International Conference on Acoustics, Speech and Signal
                  Processing",
  series = "{ICASSP} 09",
  pages = "477--480",
  month = apr,
  year = 2009,
  issn = "1520-6149",
  doi = "10.1109/ICASSP.2009.4959624",
}

@article{tamura-97,
  author = "Takayuki Tamura and Masato Oguchi and Masaru Kitsuregawa",
  title = "Parallel Database Processing on a 100 Node {PC} Cluster: Cases for Decision
                  Support Query Processing and Data Mining",
  booktitle = "{ACM/IEEE} Conference on Supercomputing",
  series = "{SC} 97",
  pages = "1--16",
  location = "San Jose, {CA}",
  publisher = {ACM},
  address = "New York, {NY}",
  acmid = "509642",
  isbn = "0-89791-985-8",
  url = "http://doi.acm.org/10.1145/509593.509642",
  doi = "10.1145/509593.509642",
  year = 1997
}

@article{tarokh-96,
  author = "V. Tarokh and I. F. Blake",
  title = "Trellis Complexity Versus the Coding Gain of Lattices. {I}",
  journal = "{IEEE} Transactions on Information Theory",
  volume = 42,
  number = 6,
  pages = "1796--1807",
  month = Nov,
  year = 1996,
  issn = "0018-9448",
  doi = "10.1109/18.556675",
}

@inproceedings{terasawa-07,
  author = "Kengo Terasawa and Yuzuru Tanaka",
  title = "Spherical {LSH} for Approximate Nearest Neighbor Search on Unit Hypersphere",
  booktitle = "{WADS}",
  pages = "27--38",
  year = 2007,
  bibsource = "DBLP, http://dblp.uni-trier.de",
  ee = "http://dx.doi.org/10.1007/978-3-540-73951-7_4",
}

@manual{thyssen-10,
  author = "Anthony Thyssen",
  title = "ImageMagick v6 Examples --- Reference Index",
  organisation = "Imagemagick",
  year = 2010
}

@article{tian-13,
  author = "Yuanyuan Tian and Andrey Balmin and Severin Andreas Corsten and Shirish Tatikonda and John McPherson",
  title = "From \enquote{Think Like a Vertex} to \enquote{Think Like a Graph}",
  journal = "Proceedings of the VLDB Endowment",
  volume = 7,
  number = 3,
  month = nov,
  year = 2013,
  issn = "2150-8097",
  pages = "193--204",
  doi = "10.14778/2732232.2732238",
  publisher = "VLDB Endowment"
}

@incollection{urruty-07,
  author = "Thierry Urruty and Chabane Djeraba and Dan A. Simovici",
  title = "Clustering by Random Projections",
  booktitle = "Adv. in Data Mining. Theoretical Aspects and Applications",
  chapter = "Lecture Notes in Computer Science",
  volume = 4597,
  editor = "Petra Perner",
  pages = "107--119",
  year = 2007,
  publisher = "Springer Berlin Heidelberg",
  isbn = "978-3-540-73434-5",
  url = "http://dx.doi.org/10.1007/978-3-540-73435-2_9",
  doi = "10.1007/978-3-540-73435-2_9",
}

@article{vardy-93,
  author = "A. Vardy and Y. Be{'}ery",
  title = "Maximum likelihood decoding of the Leech lattice",
  journal = "{IEEE} Transactions on Information Theory",
  volume = 39,
  number = 4,
  pages = "1435--1444",
  month = jul,
  year = 1993,
  issn = "0018-9448",
  doi = "10.1109/18.243466"
}

@article{vardy-95,
  author = "A. Vardy",
  title = "Even More Efficient Bounded-Distance Decoding of the Hexacode, the Golay Code,
                  and the Leech Lattice",
  journal = "{IEEE} Transactions on Information Theory",
  volume = 41,
  number = 5,
  pages = "1495--1499",
  year = 1995,
  issn = "0018-9448",
  doi = "10.1109/18.412695",
}

@inproceedings{vattani-09,
  author = "Andrea Vattani",
  title = "k-means Requires Exponentially Many Iterations Even in the Plane",
  booktitle = "Proceedings of the 25th Annual Symposium on Computational Geometry",
  location = "Aarhus, Denmark",
  series = "{SCG} 09",
  pages = "324--332",
  publisher = "{ACM}",
  address = "New York, NY, USA",
  isbn = "978-1-60558-501-7",
  acmid = "1542419",
  url = "http://doi.acm.org/10.1145/1542362.1542419",
  doi = "10.1145/1542362.1542419",
  year = 2009
}

@book{vempala-04,
  author = "S. S. Vempala",
  title = "The Random Projection Method",
  series = "DIMACS Series",
  year = 2004,
  isbn = "9780821871072",
  publisher = "American Mathematical Society",
  url = "http://books.google.com/books?id=L5L2J0UEY4QC",
}

@article{viera-05,
  author = "Anthony J. Viera and Joanne M. Garrett",
  title = "Understanding Interobserver Agreement: The Kappa Statistic",
  journal = "Family Medicine",
  volume = 37,
  number = 5,
  pages = "360--363",
  year = 2005,
}

@inproceedings{von-luxburg-05,
  author = "Ulrike {Von Luxburg}, and Shai {Ben-david}",
  title = "Towards a Statistical Theory of Clustering",
  BookTitle = "PASCAL Workshop on Statistics and Optimization of Clustering",
  year = 2005
}

@inbook{wagner-12,
  author = "Hubert Wagner and Chao Chen and Erald Vu{\c{c}}ini",
  editor = "Ronald Peikert and Helwig Hauser and Hamish Carr and Raphael Fuchs",
  title = "Efficient Computation of Persistent Homology for Cubical Data",
  bookTitle = "Topological Methods in Data Analysis and Visualization II: Theory, Algorithms, and Applications",
  year = 2012,
  publisher = "Springer Berlin Heidelberg",
  address = "Berlin, Heidelberg",
  pages="91--106",
  isbn = "978-3-642-23175-9",
  doi = "10.1007/978-3-642-23175-9_7",
  url = "https://doi.org/10.1007/978-3-642-23175-9_7"
}

@inproceedings{waldo-97,
  author = "Jim Waldo and Geoff Wyant and Ann Wollrath and Sam Kendall",
  title = "A Note on Distributed Computing",
  booktitle = "Mobile Object Systems Towards the Programmable Internet",
  series = "Lecture Notes in Computer Science",
  volume = 1222,
  pages = "49--64",
  Publisher = "Springer",
  year = "1997",
}

@article{webb-00,
  author = "Geoffrey I. Webb",
  title = "MultiBoosting: A Technique for Combining Boosting and Wagging",
  journal = "Machine Learning",
  volume = 40,
  number = 2,
  pages = "159--196",
  year = 2000,
  issn = "0885-6125",
  publisher = "Kluwer Academic Publishers",
  url = "http://dx.doi.org/10.1023/A\%3A1007659514849",
  doi = "10.1023/A:1007659514849",
}

@inproceedings{weber-98,
  author = "Roger Weber and Hans-{J\"o}rg Schek and Stephen Blott",
  title = "A Quantitative Analysis and Performance Study for Similarity-Search Methods in
                  High-Dimensional Spaces",
  booktitle = "Proceedings of the 24th International Conference on Very Large Data Bases",
  series = "{VLDB} 98",
  pages = "194--205",
  year = 1998,
  publisher = "Morgan Kaufmann Publishers Inc.",
  address = "San Francisco, CA",
  isbn = "1-55860-566-5",
  acmid = "671192",
  url = "http://dl.acm.org/citation.cfm?id=645924.671192",
}

@book{wicker-95,
  author = "Stephen B. Wicker",
  title = "Error Control Systems for Digital Communication and Storage",
  publisher = "Prentice-Hall, Inc.",
  Address = "Upper Saddle River, NJ",
  year = 1995,
  isbn = "0-13-200809-2"
}

@misc{wikipedia-topologicalSpace,
  url = "https://en.wikipedia.org/wiki/Topological_space"
}

@inproceedings{woelfel-06,
  author = "Philipp Woelfel",
  title = "Asymmetric Balanced Allocation with Simple Hash Functions",
  booktitle = "Proceedings of the Seventeenth Annual {ACM-SIAM} Symposium on Discrete
                  Algorithm",
  series = "SODA 06",
  location = "Miami, Florida",
  pages = "424--433",
  year = 2006,
  Publisher = "ACM",
  Address = "New York, NY, USA",
  Acmid = "1109605",
  Isbn = "0-89871-605-5",
  Url = "http://doi.acm.org/10.1145/1109557.1109605",
  Doi = "http://doi.acm.org/10.1145/1109557.1109605",
}

@article{Wold-2001,
    title = "PLS-regression: a basic tool of chemometrics ",
    journal = "Chemometrics and Intelligent Laboratory Systems ",
    volume = "58",
    number = "2",
    pages = "109 - 130",
    year = "2001",
    note = "\{PLS\} Methods ",
    issn = "0169-7439",
    doi = "http://dx.doi.org/10.1016/S0169-7439(01)00155-1",
    url = "http://www.sciencedirect.com/science/article/pii/S0169743901001551",
    author = "Svante Wold and Michael Sjöström and Lennart Eriksson",
    keywords = "PLS",
    keywords = "PLSR",
    keywords = "Two-block predictive PLS",
    keywords = "Latent variables",
    keywords = "Multivariate analysis "
}


@inproceedings{wu-00,
  author = "Yi--Leh Wu and Divyakant Agrawal and Amr {El Abbadi}",
  title = "A Comparison of {DFT} and {DWT} Based Similarity Search in Time-Series
                  Databases",
  booktitle = "Proceedings of the Ninth International Conference on Information and
                  Knowledge Management",
  series = "{CIKM} 00",
  location = "McLean, Virginia, USA",
  pages = "488--495",
  year = 2000,
  publisher = "{ACM}",
  address = "New York, NY, USA",
  acmid = "354857",
  isbn = "1--58113--320--0",
  url = "http://doi.acm.org/10.1145/354756.354857",
  doi = "10.1145/354756.354857",
}

@article{xu-05,
  author = "Rui Xu and Donald {Wunsch II}",
  title = "Survey of Clustering Algorithms",
  journal = "{IEEE} Transactions on Neural Networks",
  volume = 16,
  number = 3,
  pages = "645--678",
  month = may,
  year = 2005,
  issn = "1045-9227",
  doi = "10.1109/TNN.2005.845141"
}

@article{yan-14,
  author = "Da Yan and James Cheng and Yi Lu and Wilfred Ng",
  title = "Blogel: A Block-Centric Framework for Distributed Computation on Real-world Graphs",
  journal = "Proceedings of the VLDB Endowment",
  volume = 7,
  number = 14,
  month = oct,
  year = 2014,
  issn = {2150-8097},
  pages = "1981--1992",
  doi = "10.14778/2733085.2733103",
  publisher = "VLDB Endowment"
}

@inproceedings{yan-15,
  author = "Da Yan and James Cheng and Yi Lu and Wilfred Ng",
  title = "Effective Techniques for Message Reduction and Load Balancing in Distributed Graph Computation",
  booktitle = "Proceedings of the 24th International Conference on World Wide Web",
  series = "WWW '15",
  year = 2015,
  isbn = "978-1-4503-3469-3",
  location = "Florence, Italy",
  pages = "1307--1317",
  doi = "10.1145/2736277.2741096",
  publisher = "ACM",
  address = "New York, NY, USA",
}

@inproceedings {yang-03,
  author= "Jiong Yang",
  title = "Dynamic Clustering of Evolving Streams with a Single pass",
  booktitle = "{ICDE’03} Proceedings of the 19th International Conference on Data Engineering",
  pages = "695--697",
  month = mar,
  year = 2003,
  doi = "10.1109/ICDE.2003.1260838"
}

@article{yang-11,
  author = "Yun Yang and Ke Chen",
  title = "Temporal Data Clustering via Weighted Clustering Ensemble with Different Representations",
  journal = "{IEEE} Transactions on Knowledge and Data Engineering",
  volume = 23,
  number = 2,
  pages = "307--320",
  month = feb,
  year = 2011,
  issn = "1041-4347",
  doi = "10.1109/TKDE.2010.112",
}

@book{zaki-00,
  editors = "Mohammed J. Zaki and Ching-Tien Ho",
  title = "Large-Scale Parallel Data Mining",
  Series = "Lecture Notes in Computer Science",
  number = 1759,
  year = 2000,
  Publisher = "Springer"
}

@book{zaki-14,
  author = "Mohammed J. Zaki and Wagner Meira Jr.",
  title = "Data Mining and Analysis: Fundamental Concepts and Algorithms",
  year = 2014,
  isbn = "0521766338, 9780521766333",
  publisher = "Cambridge University Press",
  address = "New York, NY, USA"
}

@inproceedings{zass-05,
  author = "R. Zass and A. Shashua",
  title = "A Unifying Approach to Hard and Probabilistic Clustering",
  booktitle = "Tenth IEEE International Conference on Computer Vision",
  pages = "294--301",
  month = oct,
  year = 2005,
  issn = "1550-5499",
  doi = "10.1109/ICCV.2005.27",
}

@article{zhang-03,
  author = "Dao-Qiang Zhang and Song-Can Chen",
  title = "Clustering Incomplete Data Using Kernel-Based Fuzzy {C}-means Algorithm",
  journal = "Neural Processing Letters",
  volume = 18,
  number = 3,
  pages = "155--162",
  year = 2003,
  publisher = "Kluwer Academic Publishers",
  issn = "1370-4621",
  url = "http://dx.doi.org/10.1023/B%3ANEPL.0000011135.19145.1b",
  doi = "10.1023/B:NEPL.0000011135.19145.1b",
}

@inproceedings{zhang-96,
  author = "Tian Zhang and Raghu Ramakrishnan and Miron Livny",
  title = "{BIRCH}: An Efficient Data Clustering Method for Very Large Databases",
  booktitle = "Proceedings of the 1996 ACM SIGMOD International Conference on Management of Data",
  series = "SIGMOD '96",
  year = 1996,
  isbn = "0-89791-794-4",
  location = "Montreal, Quebec, Canada",
  pages = "103--114",
  doi = "10.1145/233269.233324",
  publisher = "ACM",
  address = "New York, NY, USA"
}

@article{zhou-08,
  author = "Kun Zhou and Qiming Hou and Rui Wang and Baining Guo",
  title = "Real-time {KD}-tree Construction on Graphics Hardware",
  journal = "{ACM} Trans. Graph.",
  volume = 27,
  number = 5,
  pages = "126--136",
  month = dec,
  year = 2008,
  Acmid = "1409079",
  Publisher = "ACM",
  Address = "New York, NY, USA",
  Issn = "0730-0301",
  Url = "http://doi.acm.org/10.1145/1409060.1409079",
  Doi = "10.1145/1409060.1409079",
}

@inproceedings{zhu-02,
  author = "Yunyue Zhu and Dennis Shasha",
  title = "StatStream: Statistical Monitoring of Thousands of Data Streams in Real Time",
  booktitle = "Proceedings of the 28th International Conference on Very Large Data Bases",
  series = "({VLDB} 02)",
  pages = "358--369",
  year = 2002
}

@article{zomorodian-05,
  author = "Afra Zomorodian and Gunnar Carlsson",
  title = "Computing Persistent Homology",
  journal = "Discrete \& Computational Geometry",
  volume = 33,
  number = 2,
  month = Feb,
  year = 2005,
  issn = "0179-5376",
  pages = "249--274",
  publisher = "Springer-Verlag New York, Inc.",
  address = "Secaucus, NJ, USA",
}

@article{zomorodian-10,
  author = "Afra Zomorodian",
  title = "Fast construction of the Vietoris--Rips complex",
  journal = "Computer and Graphics",
  year = 2010,
  pages = "263--271"
}

@conference{alt-14,
  author = "A. J. Alt and P. A. Wilsey",
  title = "Profile Driven Partitioning of Parallel Simulation Models",
  booktitle = "Proceedings of the 2014 Winter Simulation Conference",
  month = dec,
  year = 2014
}
                  
@inproceedings{bahulkar-10,
  author = "Ketan Bahulkar and Nicole Hofmann and Deepak Jagtap and Nael
                  B. Abu-Ghazaleh and Dmitry Ponomarev",
  title = "Performance Evaluation of {PDES} on Multi-core Clusters",
  booktitle = "Proceedings of the 2010 {IEEE/ACM} 14th International Symposium on
                  Distributed Simulation and Real Time Applications, ({DS-RT} 10)",
  pages = "131--140",
  year = 2010
}

@inproceedings{bahulkar-12,
  author="K. Bahulkar and J. Wang and N. Abu-Ghazaleh and D. Ponomarev",
  title="Partitioning on Dynamic Bahavior for Parallel Discrete Event Simulation",
  booktitle="26th {IEEE/ACM/SCS} Workshop on Principles of Advanced and Distributed Simulations ({PADS})",
  month=jul,
  year=2012
}

@inproceedings{child-12-pads, 
  author = "R. Child and P. A. Wilsey",
  title = "Dynamically Adjusting Core Frequencies to Accelerate Time Warp
                  Simulations in Many-Core Processors", 
  booktitle = "Workshop on Principles of Advanced and Distributed Simulation
                  (PADS 12)",
  month = jul,
  year = 2012
}

@inproceedings{child-12-wsc, 
  author = "R. Child and P. A. Wilsey",
  title = "Using {DVFS} to Optimize Time Warp Simulations",
  booktitle = "Proceedings of the 2012 Winter Simulation Conference", 
  editors = "C. Laroque and J. Himmelspach and R. Pasupathy and O. Rose and
                  A. M. Uhrmacher", 
  month = dec,
  year = 2012
}

@inproceedings{dickman-13,
  author="T. Dickman and S. Gupta and P. A. Wilsey", 
  title="Event Pool Structures for PDES on Many-Core Beowulf Clusters",
  booktitle="{ACM SIGSIM} Conference on Principles of Advanced Discrete Simulation ({PADS})",
  month=may,
  year=2013
}

@inproceedings{franklin-16,
  author = "Jacob Franklin and Samuel Wenke and Sadiq Quasem and Lee A. Carraher and Philip A. Wilsey",
  title = "{streamingRPHash}: Random Projection Clustering of High-Dimensional Data in a MapReduce Framework",
  booktitle = "{IEEE} Cluster 2016",
  month = sep,
  year = 2016,
  note = "(poster)"
}

@inproceedings{gupta-14,
    author = "Sounak Gupta and Philip A. Wilsey",
    title = "Lock-Free Pending Event Set Management in Time Warp",
    booktitle = "Proceedings of the 2014 {ACM SIGSIM} Conference on Principles of
        Advanced Discrete Simulation",
    year = 2014
}
                  
@inproceedings{hay-15,
    author = "Joshua Hay and Philip A. Wilsey",
    title = "Experiments with Hardware-based Transactional Memory in Parallel Simulation",
    booktitle = "Proceedings of the 2015 {ACM SIGSIM} Conference on Principles of
        Advanced Discrete Simulation",
    year = 2015
}
                  
@inproceedings{jagtap-12,
  author="D. Jagtap and N.Abu-Ghazaleh and D.Ponomarev",
  title="Optimization of Parallel Discrete Event Simulator for Multi-core Systems ",
  booktitle="International Parallel and Distributed Processing Symposium",
  month=may,
  year=2012
}

@inproceedings{jagtap-12-pads,
  author = "Deepak Jagtap and Ketan Bahulkar and Dmitry Ponomarev and Nael
                  Abu-Ghazaleh", 
  title = "Characterizing and Understanding {PDES} Behavior on Tilera Architecture", 
  booktitle = "Workshop on Principles of Advanced and Distributed Simulation
                  ({PADS} 12)",
  month = jul,
  year = 2012
}

@inproceedings{magato-14,
  author = "William A. Magato and Philip A. Wilsey",
  title = "{llamaOS}: A Solution for Virtualized High-Performance Computing Clusters",
  booktitle = "2014 {IEEE} International Parallel Distributed Processing Symposium Workshops ({IPDPSW})", 
  pages = "1140--1149",
  month = may,                  
  year=2014
}

@inproceedings{wang-12,
  author="J. Wang and D. Ponomarev and N.Abu-Ghazaleh",
  title="Performance Analysis of Multithreaded {PDES} Simulator on Multi-core Clusters",
  booktitle="26th {IEEE/ACM/SCS} Workshop on Principles of Advanced and Distributed Simulations ({PADS})",
  month=jul,
  year=2012
}
                  
@inproceedings{Wang-13a,
  author = {J. Wang and N. Abu-Ghazaleh and D. Ponomarev},
  title = "Interference-Resilient {PDES} on Multicore Systems: Towards Proportional Slowdown",
  booktitle = "Proceedings of {SIGSIM-PADS} Conference",
  year = {2013},
  location = {Montreal, CA},
}

@inproceedings{Wang-13b,
  author = {J. Wang and D. Ponomarev and N. Abu-Ghazaleh},
  title = "Can PDES Scale in Environments with Heterogeneous Delays?",
  booktitle = "Proceedings of {SIGSIM-PADS} Conference",
  year = {2013},
  location = {Montreal, CA},
}

@article{wang-14,
  author = "J. Wang and D. Jagtap and N. Abu-Ghazaleh and D. Ponomarev",
  title = "Parallel Discrete Event Simulation for Multi-Core Systems: Analysis and Optimization",
  journal = "{IEEE} Transactions on Parallel and Distributed Systems",
  volume = 25,
  number = 6,
  pages = "1574--1584",
  month = jun,
  year=2014
}
                  
@inproceedings{wilsey-16,
  author = "Philip A. Wilsey",
  title = "Some Properties of Events Executed in Discrete-Event Simulation Models",
  booktitle = "Proceedings of the 2016 Annual {ACM} Conference on {SIGSIM} Principles of Advanced Discrete Simulation",
  series = {SIGSIM-PADS '16},
  pages = "165--176",
  year = 2016
  } 

@misc{wright-16,
  author = "Matthew Wright",
  title = "Introduction to Persistent Homology",
  url = "https://www.youtube.com/watch?v=2PSqWBIrn90",
  year = "(last viewed Jan 2018)"
}
